id,commercial_name,active,inscription_date,registry_num,formula,active_ingredient,pharma_comp,pharmaceutical_form,concentration,level_price,range_price,min_presentation_price,max_presentation_price,created_at,updated_at,hash
2176,RAPIDOL-A 500 TABLETAS,A,1986-12-03, 14368,Paracetamol 500 mg.,Paracetamol,LABORATORIO ANCALMO,TABLETAS,500 mg.,,,,,2019-12-17 17:41:28,2019-12-17 17:41:28,1029833fddffb8da8f9ca816a9e57596
2177,AMBROXOL CLORHIDRATO + LORATADINA SELECTPHARMA 15mg-2.5mg/5mL JARABE  ,A,2004-04-23, RG0993120105,Clorhidrato de Ambroxol 15 mg. + Loratadina 2.5 mg.,Clorhidrato de Ambroxol + Loratadina,LABORATORIOS LAMFER,JARABE,15 mg. + 2.5 mg.,,,,,2019-12-17 17:41:28,2019-12-17 17:41:28,12c1554b00b883642b6d65bf7780a0e7
2178,VITAMINA C MK 500 mg TABLETAS,A,1964-02-17,040,Vitamina C 500 mg.,Vitamina C,"CORPORACION BONIMA, S.A. DE C.V.",TABLETAS,500 mg.,2.43,$4.24 - $18.41,4.24,18.41,2019-12-17 17:41:28,2019-12-17 17:41:28,a377a44a11a492a49c96761f0d3a54c5
2179,NEOPOLIDEXAM SOLUCION OFTALMICO,A,1977-12-20,10006,NEOMICINA 2.8 mg. + NEOMICINA 2.8 mg. + DEXAMETASONA FOSFATO   1 mg. + DEXAMETASONA FOSFATO   1 mg. + POLIMIXINA SULFATO 5 UI + POLIMIXINA SULFATO 5 UI,NEOMICINA + NEOMICINA + DEXAMETASONA FOSFATO   + DEXAMETASONA FOSFATO   + POLIMIXINA SULFATO + POLIMIXINA SULFATO,LABORATORIOS LOPEZ,SOLUCION OFTALMICA,2.8 mg. + 2.8 mg. + 1 mg. + 1 mg. + 5 UI + 5 UI,1.91,$9.55 - $9.55,9.55,9.55,2019-12-17 17:41:28,2019-12-17 17:41:28,8fdaa56b8cb0e584f0abaeff3aff33ee
2180,BACTRIM FORTE 800/160 mg COMPRIMIDOS ,A,1977-12-20,10007,Sulfametoxazol 800 mg. + Trimetoprim 160 mg.,Sulfametoxazol + Trimetoprim,PRODUCTOS ROCHE QUIMICOS E FARMACEUTICOS S.A.,COMPRIMIDO,800 mg. + 160 mg.,0.45,$4.50 - $4.50,4.5,4.5,2019-12-17 17:41:28,2019-12-17 17:41:28,80917321be63bad705355f44c846f8c7
2181,VENTOLIN SOLUCION PARA RESPIRADOR 0.5%,A,1978-12-20,10015,Sulfato de salbutamol 0.6 %,Sulfato de salbutamol,GLAXO OPERATIONS UK LTD. TRADING AS GLAXO WELLCOME OPERATIONS,SOLUCION,0.6 %,0.66,$7.72 - $10.86,7.72,10.86,2019-12-17 17:41:28,2019-12-17 17:41:28,13e26a513cb4b41f033332d45ff3a65d
2182,HIDROCORTAL AL 1 % UNGUENTO,A,1978-01-24,10038,Hidrocortisona acetato 1 g.,Hidrocortisona acetato,LABORATORIO COFASA,UNGUENTO,1 g.,0.38,$5.75 - $5.75,5.75,5.75,2019-12-17 17:41:28,2019-12-17 17:41:28,9563e060325ba2db896be9d2d27ae528
2183,SALUDERMA CREMA,A,1978-01-24,10040,Neomicina 0.5 g. + Hidrocortisona acetato 1 g. + D-Alfa tocoferol 1.5 g.,Neomicina + Hidrocortisona acetato + D-Alfa tocoferol,LABORATORIO COFASA,CREMA,0.5 g. + 1 g. + 1.5 g.,0.56,$8.33 - $8.33,8.33,8.33,2019-12-17 17:41:28,2019-12-17 17:41:28,490e1d3f8f6a99849a646729d97de858
2184,TENORMIN 100 mg TABLETAS,A,1978-02-15,10064,Atenolol 100 mg.,Atenolol,ASTRAZENECA S.A. DE C.V.,TABLETAS,100 mg.,0.45,$6.24 - $6.24,6.24,6.24,2019-12-17 17:41:28,2019-12-17 17:41:28,c977d7d8ad3ff574001b587401890f4f
2185,DOGMATIL 50 mg CAPSULAS,A,1978-02-07,10066,SULPIRIDE 50 mg.,SULPIRIDE,DELPHARM DIJON,CAPSULA,50 mg.,0.44,$13.23 - $13.27,13.23,13.27,2019-12-17 17:41:28,2019-12-17 17:41:28,07ccd81db6df7121c1a8bb6e066d1c3b
2186,DOGMATIL 200 mg COMPRIMIDOS RANURADOS,A,1978-02-07,10069,SULPIRIDE 200 mg.,SULPIRIDE,DELPHARM DIJON,COMPRIMIDOS,200 mg.,1.03,$12.40 - $12.40,12.4,12.4,2019-12-17 17:41:28,2019-12-17 17:41:28,7df79d8b587359aab43e64b8a1be2472
2187,PANTOGAR CAPSULAS,A,1978-02-20,10089,L-CISTEINA 20 mg. + QUERATINA 20 mg. + FAEX MEDICINALIS SICCATA (SACCHAROMYCES MED. VIGAR) 100 mg. + ACIDO P-AMINOBENZOICO 20 mg. + NITRATO DE TIAMINA 60 mg. + D-PANTOTENATO DE CALCIO 60 mg.,L-CISTEINA + QUERATINA + FAEX MEDICINALIS SICCATA (SACCHAROMYCES MED. VIGAR) + ACIDO P-AMINOBENZOICO + NITRATO DE TIAMINA + D-PANTOTENATO DE CALCIO,ACINO PHARMA AG,CAPSULA,20 mg. + 20 mg. + 100 mg. + 20 mg. + 60 mg. + 60 mg.,0.44,$15.56 - $32.36,15.56,32.36,2019-12-17 17:41:28,2019-12-17 17:41:28,dafd1a03b679b9debdcde757f0b53109
2188,E-400 (VITAMINA E) CAPSULAS BLANDAS,A,1978-04-11,10144,VITAMINA E 400 UI,VITAMINA E,"GELCAPS EXPORTADORA DE MÉXICO, S.A. DE C.V.",CAPSULAS BLANDAS,400 UI,0.25,$6.00 - $15.00,6,15,2019-12-17 17:41:28,2019-12-17 17:41:28,f8ddfa558bb66a6602464d6c1913c042
2189,MENEPAROL SOLUCION ORAL ,A,1978-04-11,10147,CLORHIDRATO DE L-ARGININA 5 mg. + CLORHIDRATO DE L-ORNITINA 1.25 mg. + CIANOCOBALAMINA 25 mcg. + L - CITRULINA  1.25 mg. + EXTRACTO HEPATICO 30 mg.,CLORHIDRATO DE L-ARGININA + CLORHIDRATO DE L-ORNITINA + CIANOCOBALAMINA + L - CITRULINA  + EXTRACTO HEPATICO,"LABORATORIOS MENARINI, SA",SOLUCION ORAL,5 mg. + 1.25 mg. + 25 mcg. + 1.25 mg. + 30 mg.,0.93,$20.30 - $20.89,20.3,20.89,2019-12-17 17:41:28,2019-12-17 17:41:28,37660f3df04a99154cfe56080a233e1e
2190,DEXALER 0.125/0.1% SOLUCION OFTALMICA,A,1978-04-11,10168,DEXAMETASONA FOSFATO   0.1 g. + ANTAZOLINA FOSFATO 0.125 g.,DEXAMETASONA FOSFATO   + ANTAZOLINA FOSFATO,LABORATORIOS LAFAR,SOLUCION OFTALMICA,0.1 g. + 0.125 g.,1.02,$5.93 - $8.23,5.93,8.23,2019-12-17 17:41:28,2019-12-17 17:41:28,920767eeccb492915f4dfe03acc593b5
2191,ROWATANAL CREMA,A,1978-05-23,10199,Óxido de zinc 8 g. + Mentol 1 g. + CARBONATO DE CALCIO 5 g. + BISMUTO 2 g.,Óxido de zinc + Mentol + CARBONATO DE CALCIO + BISMUTO,ROWA PHARMACEUTICALS LIMITED,CREMA,8 g. + 1 g. + 5 g. + 2 g.,0.41,$9.09 - $9.30,9.09,9.3,2019-12-17 17:41:29,2019-12-17 17:41:29,e907db24a650213d263b97e72da86a20
2192,GELDROX COMPLEX 200 mg/ 150 mg SUSPENSION,A,1978-04-11,10243,Hidróxido de Magnesio 0.5 g. + Dimeticona 20 mg. + HIDROXIDO DE ALUMINIO  1.41 g.,Hidróxido de Magnesio + Dimeticona + HIDROXIDO DE ALUMINIO ,LABORATORIO COFASA,SUSPENSION,0.5 g. + 20 mg. + 1.41 g.,0.04,$7.53 - $7.53,7.53,7.53,2019-12-17 17:41:29,2019-12-17 17:41:29,4860b4e9ebd66db955e3bcb0df18fe34
2193,SULFATO FERROSO 200 mg/5 mL JARABE,A,1978-03-28,10265,Sulfato ferroso 40 g.,Sulfato ferroso,LABORATORIO COFASA,JARABE,40 g.,0.06,$7.47 - $7.47,7.47,7.47,2019-12-17 17:41:29,2019-12-17 17:41:29,123b99c694b7d22341416a4d172295da
2194,GRAVIDEX 50 mg/mL  SOLUCION INYECTABLE,A,1978-08-22,10294,Dimenhidrinato 50 mg. + Dimenhidrinato 50 mg.,Dimenhidrinato + Dimenhidrinato,"LABORATORIOS ARSAL, S.A. DE C.V.",SOLUCION INYECTABLE,50 mg. + 50 mg.,,,,,2019-12-17 17:41:29,2019-12-17 17:41:29,a2d0e37907e2309dba1c1c330a196fcf
2195,HIDROCLOROTIAZIDA 25 mg COFASA TABLETAS,A,1979-09-05,10401,HIDROCLOROTIAZIDA 25 mg.,HIDROCLOROTIAZIDA,LABORATORIO COFASA,TABLETAS,25 mg.,0.11,$3.33 - $3.33,3.33,3.33,2019-12-17 17:41:29,2019-12-17 17:41:29,92a3e2a3acb6a6cd94574c5dd5a7d2b9
2196,TINTURA THIMEROSAL AL 1: 1000,A,1978-10-24,10412,THIMEROSAL 0.16 g.,THIMEROSAL,"LABORATORIOS CAROSA, S.A. DE C.V.",TINTURA,0.16 g.,0.22,$6.66 - $6.66,6.66,6.66,2019-12-17 17:41:29,2019-12-17 17:41:29,b45f02ca682756ec9780988033836c31
2197,BIPERIDENO 2mg TABLETAS PHARMEDIC,A,1978-09-19,10440,BIPERIDENO CLORHIDRATO 2 mg.,BIPERIDENO CLORHIDRATO,LABORATORIOS PHARMEDIC,TABLETAS,2 mg.,0.14,$3.28 - $6.44,3.28,6.44,2019-12-17 17:41:29,2019-12-17 17:41:29,06ea1d856dff1c260b7c9f7cfac3d545
2198,TONICON B-12 GRAGEAS,A,1979-01-16,10544,TIAMINA CLORHIDRATO 10 mg. + RIBOFLAVINA USP 5 mg. + CIANOCOBALAMINA 50 mg. + Sulfato ferroso 50 mg. + D-PANTENOL 5 mg. + NIACINAMIDA 50 mg.,TIAMINA CLORHIDRATO + RIBOFLAVINA USP + CIANOCOBALAMINA + Sulfato ferroso + D-PANTENOL + NIACINAMIDA,LABORATORIOS RADON,GRAGEAS,10 mg. + 5 mg. + 50 mg. + 50 mg. + 5 mg. + 50 mg.,0.19,$5.67 - $5.67,5.67,5.67,2019-12-17 17:41:29,2019-12-17 17:41:29,26167bdf2f59784892b17adfb53e111e
2199,MEGAFOL-9  5 mg TABLETAS,A,1965-08-10,106,Ácido fólico 5 mg.,Ácido fólico,"LABORATORIOS ARSAL, S.A. DE C.V.",TABLETA,5 mg.,0.19,$6.34 - $17.71,6.34,17.71,2019-12-17 17:41:29,2019-12-17 17:41:29,154f9f1fcdcb6c2276b542941e8fa75c
2200,AMOXICILINA MK® 500mg CAPSULA,A,1979-02-13,10607,AMOXICILINA TRIHIDRATADA 574.71 mg.,AMOXICILINA TRIHIDRATADA,"CORPORACION BONIMA, S.A. DE C.V.",CAPSULA,574.71 mg.,0.29,$8.66 - $8.66,8.66,8.66,2019-12-17 17:41:29,2019-12-17 17:41:29,4c5f3a9d688f5b5db0e0bacef3b58796
2201,AMOXICILINA MK® 125mg/5mL POLVO PARA SUSPENSION,A,1979-02-13,10608,AMOXICILINA TRIHIDRATO 154.5 mg.,AMOXICILINA TRIHIDRATO,"CORPORACION BONIMA, S.A. DE C.V.",POLVO PARA SUSPENSIÓN,154.5 mg.,0.06,$3.75 - $3.75,3.75,3.75,2019-12-17 17:41:29,2019-12-17 17:41:29,66eb5702c884707946355301641161a9
2202,AMOXICILINA MK® 250mg/5mL POLVO PARA SUSPENSION,A,1979-02-13,10609,AMOXICILINA TRIHIDRATO 301.717 mg.,AMOXICILINA TRIHIDRATO,"CORPORACION BONIMA, S.A. DE C.V.",POLVO PARA SUSPENSIÓN,301.717 mg.,0.07,$4.04 - $6.42,4.04,6.42,2019-12-17 17:41:29,2019-12-17 17:41:29,0d70bc8e18fbc6c7e0f4c7a6ae864fe3
2203,BENCIDAMINA HCl VIJOSA 25 mg/mL SOLUCION INYECTABLE,A,1979-02-13,10629,CLORHIDRATO DE BENCIDAMINA 25 mg.,CLORHIDRATO DE BENCIDAMINA,LABORATORIOS VIJOSA,SOLUCION INYECTABLE,25 mg.,,,,,2019-12-17 17:41:29,2019-12-17 17:41:29,16e4055960bef0c237a740eaf5e85ee0
2204,FENOBARBITAL SODICO VIJOSA 100 mg/mL SOLUCION INYECTABLE,A,1979-01-16,10630,Fenobarbital sódico 100 mg.,Fenobarbital sódico,LABORATORIOS VIJOSA,SOLUCION INYECTABLE,100 mg.,,,,,2019-12-17 17:41:29,2019-12-17 17:41:29,efba4351f0cab7a5e08abc5922ff7d0a
2205,PULMO GRIP BALSAMICO NORDIC SOLUCION INYECTABLE,A,1979-01-16,10631,DIPIRONA 500 mg. + Clorfeniramina Maleato 4 mg. + Clorhidrato de fenilefrina 2 mg. + Guaifenesina 200 mg. + A.B.O.B. 300 mg.,DIPIRONA + Clorfeniramina Maleato + Clorhidrato de fenilefrina + Guaifenesina + A.B.O.B.,LABORATORIOS VIJOSA,SOLUCION INYECTABLE,500 mg. + 4 mg. + 2 mg. + 200 mg. + 300 mg.,2.53,$2.53 - $2.53,2.53,2.53,2019-12-17 17:41:29,2019-12-17 17:41:29,060d6f5e6a403ea7224a466ba537db7f
2206,SULFATO FERROSO RADON FORTE GRAGEAS,A,1979-02-27,10646,Tiamina clorhidrato 25 mg. + Cianocobalamina 30 mcg. + Sulfato ferroso 130 mg. + EXTRACTO DE HIGADO 130 mg.,Tiamina clorhidrato + Cianocobalamina + Sulfato ferroso + EXTRACTO DE HIGADO,LABORATORIOS RADON,GRAGEAS,25 mg. + 30 mcg. + 130 mg. + 130 mg.,0.47,$2.06 - $8.79,2.06,8.79,2019-12-17 17:41:29,2019-12-17 17:41:29,0f81c92984e2536d882ba5b687112dd8
2207,CLORURO DE SODIO VIJOSA 2% SOLUCION INYECTABLE,A,1979-02-27,10648,Cloruro de sodio 20 mg.,Cloruro de sodio,LABORATORIOS VIJOSA,SOLUCION INYECTABLE,20 mg.,0.07,$0.74 - $0.74,0.74,0.74,2019-12-17 17:41:29,2019-12-17 17:41:29,7340d3e1bf99e1201c133b79f0233200
2208,METOCARBAMOL VIJOSA 100 mg/mL SOLUCION INYECTABLE,A,1979-02-27,10649,Metocarbamol 1 g.,Metocarbamol,LABORATORIOS VIJOSA,SOLUCION INYECTABLE,1 g.,0.29,$1.85 - $4.00,1.85,4,2019-12-17 17:41:29,2019-12-17 17:41:29,e88b91bff64b98818fb36b73f4f29ae4
2209,BEBETINA® 80 mg TABLETA MASTICABLE,A,1979-03-20,10653,Paracetamol 80 mg.,Paracetamol,LABORATORIO FARMACEUTICO VIDES,TABLETAS MASTICABLES,80 mg.,0.07,$6.76 - $6.76,6.76,6.76,2019-12-17 17:41:29,2019-12-17 17:41:29,a78965b10a40006da66c9ce73c75c1dd
2210,ZINNAT 750mg INYECTABLE,A,1979-01-17,10661,CEFUROXIMA SODICA 789 mg.,CEFUROXIMA SODICA,GLAXOSMITHKLINE MANUFACTURING SPA.,POLVO PARA SUSPENSIÓN,789 mg.,0.02,$11.67 - $11.67,11.67,11.67,2019-12-17 17:41:29,2019-12-17 17:41:29,a65ef61935ab1387b1083e0417aee225
2211,PULMO-GRIP 5 cc NORDIC INYECTABLE,A,1979-03-20,10678,Clorfeniramina Maleato 8 mg. + Clorhidrato de fenilefrina 3 mg. + N ANHIDROBIS BIGUANIDA (ABOB) 500 mg.,Clorfeniramina Maleato + Clorhidrato de fenilefrina + N ANHIDROBIS BIGUANIDA (ABOB),LABORATORIOS VIJOSA,SOLUCION INYECTABLE,8 mg. + 3 mg. + 500 mg.,0.53,$2.65 - $2.65,2.65,2.65,2019-12-17 17:41:29,2019-12-17 17:41:29,f55c666af092e72b0d35ff1faaf4f30e
2212,ERITROMICINA MK 500mg TABLETA,A,1979-03-20,10697,ESTEARATO DE ERITROMICINA 850.34 mg.,ESTEARATO DE ERITROMICINA,"CORPORACION BONIMA, S.A. DE C.V.",TABLETAS,850.34 mg.,0.23,$11.74 - $11.74,11.74,11.74,2019-12-17 17:41:29,2019-12-17 17:41:29,cf92daf2e49068756cb5c3bf0985c040
2213,MELADININA 10.000mg TABLETAS,A,1979-04-03,10717,METOXALENO 10 mg.,METOXALENO,"PRODUCTOS FARMACÉUTICOS, S.A. DE C.V.",TABLETAS,10 mg.,0.53,$15.82 - $15.82,15.82,15.82,2019-12-17 17:41:29,2019-12-17 17:41:29,dd4a10edbef7984f7ca825599301c7f4
2214,DEXATOR TABLETAS,A,1979-05-08,10741,Dexametasona 0.5 mg.,Dexametasona,LABORATORIOS PHARMATOR,TABLETAS,0.5 mg.,,,,,2019-12-17 17:41:29,2019-12-17 17:41:29,7c58c193a9cb684f445ebb8965bc7487
2215,METROFAR TABLETAS,A,1979-05-08,10746,Metronidazol 500 mg.,Metronidazol,LABORATORIOS PHARMATOR,TABLETAS,500 mg.,,,,,2019-12-17 17:41:29,2019-12-17 17:41:29,0c465294382192beaa9836eca232ec6c
2216,VIGOREX  SOLUCION ORAL ,A,1979-05-08,10753,GLICEROFOSFATO DE MAGNESIO 16 mg. + GLICEROFOSFATO DE CALCIO 37.5 mg. + Hierro amoniacal citrato 100 mg. + Riboflavina 5´-Fosfato de sodio 3 mg. + TIAMINA HCL 5 mg. + CIANOCOBALAMINA 50 mcg. + PIRIDOXINA HCL 3 mg.,GLICEROFOSFATO DE MAGNESIO + GLICEROFOSFATO DE CALCIO + Hierro amoniacal citrato + Riboflavina 5´-Fosfato de sodio + TIAMINA HCL + CIANOCOBALAMINA + PIRIDOXINA HCL,LABORATORIO FARMACEUTICO FARDEL,SOLUCION ORAL,16 mg. + 37.5 mg. + 100 mg. + 3 mg. + 5 mg. + 50 mcg. + 3 mg.,0.08,$11.61 - $11.61,11.61,11.61,2019-12-17 17:41:29,2019-12-17 17:41:29,aa32d13b82bbdecabdad9b627237a2d4
2217,INTESTOCORT SUSPENSION,A,2008-05-22,10774,SULFATO DE DIHIDROESTREPTOMICINA 2 g. + Sulfaguanidina 10 g. + PECTINA CITRICA 0.6 g.,SULFATO DE DIHIDROESTREPTOMICINA + Sulfaguanidina + PECTINA CITRICA,LABORATORIO FARMACEUTICO FARDEL,SUSPENSION,2 g. + 10 g. + 0.6 g.,0.13,$7.67 - $7.67,7.67,7.67,2019-12-17 17:41:30,2019-12-17 17:41:30,c233aa5d30fda6fd163e34c0755a67bf
2218,TUSSYN JARABE,A,1979-05-08,10775,DEXTROMETORFAN HBr 5 mg. + GUAYACOLATO DE GLICERILO 100 mg. + CLORFENIRAMINA MALEATO 5 mg.,DEXTROMETORFAN HBr + GUAYACOLATO DE GLICERILO + CLORFENIRAMINA MALEATO,LABORATORIOS MEDIKEM,JARABE,5 mg. + 100 mg. + 5 mg.,0.05,$6.51 - $6.51,6.51,6.51,2019-12-17 17:41:30,2019-12-17 17:41:30,a06e877dbc106cc44e2e4055bc01f2a1
2219,OXITOCINA VIJOSA 2 U.I./mL SOLUCION INYECTABLE,A,1979-06-05,10828,Oxitocina 2 UI,Oxitocina,LABORATORIOS VIJOSA,SOLUCION INYECTABLE,2 UI,,,,,2019-12-17 17:41:30,2019-12-17 17:41:30,632416c4b178f0a62ccbfeb380396ec2
2220,CONTRACTUBEX GEL,A,1979-06-19,10868,ALANTOÍNA 1 g. + HEPARINA SODICA 5000 IE + EXTR. CEPAE FLUID. 10 g.,ALANTOÍNA + HEPARINA SODICA + EXTR. CEPAE FLUID.,MERZ PHARMA GMBH & CO. KGAA,GEL,1 g. + 5000 IE + 10 g.,0.47,$11.35 - $19.04,11.35,19.04,2019-12-17 17:41:30,2019-12-17 17:41:30,dd904fbd5648dad539bc4391672d5eb8
2221,PIRAZINAMIDA 500mg TABLETAS ECOMED,A,1978-12-05,10874,PIRAZINAMIDA 500 mg.,PIRAZINAMIDA,LABORATORIOS PHARMEDIC,TABLETA,500 mg.,,,,,2019-12-17 17:41:30,2019-12-17 17:41:30,f3e1835507a992392ca88cf1f9d1fda7
2222,HIDROCORTAL CON ANTIBIOTICOS UNGÜENTO,A,1979-06-19,10885,Neomicina 0.3 g. + Bacitracina de Zinc 0.5 g. + Hidrocortisona acetato 1 g.,Neomicina + Bacitracina de Zinc + Hidrocortisona acetato,LABORATORIO COFASA,UNGUENTO,0.3 g. + 0.5 g. + 1 g.,0.4,$6.04 - $6.04,6.04,6.04,2019-12-17 17:41:30,2019-12-17 17:41:30,2b97350e9161466b6601cad850eb81c4
2223,NUTROL -A-P ELIXIR,A,1979-07-24,10923,TIAMINA CLORHIDRATO (VITAMINA B1) 20 mg. + VITAMINA B12 (CIANOCOBALAMINA) 3000 mcg.,TIAMINA CLORHIDRATO (VITAMINA B1) + VITAMINA B12 (CIANOCOBALAMINA),LABORATORIO FARMACEUTICO FARDEL,ELIXIR,20 mg. + 3000 mcg.,0.07,$8.42 - $8.42,8.42,8.42,2019-12-17 17:41:30,2019-12-17 17:41:30,47f3217eb6802ce5c22996eebe8e886b
2224,KAOKEM SUSPENSION,A,1979-07-03,10929,KAOLIN 375 mg. + Neomicina 50 mg. + METILBROMURO DE ATROPINA 0.85 mg. + PECTINA CITRICA 28 mg.,KAOLIN + Neomicina + METILBROMURO DE ATROPINA + PECTINA CITRICA,LABORATORIOS MEDIKEM,SUSPENSION,375 mg. + 50 mg. + 0.85 mg. + 28 mg.,0.08,$6.86 - $6.86,6.86,6.86,2019-12-17 17:41:30,2019-12-17 17:41:30,2d31b470224e1507e89494652d18c65e
8977,TRIMETOPRIM  SULFAMETOXAZOL DIAGNOS BP SUSPENSION 40-200 mg/ 5mL,A,2019-07-18,,,,,,,,,,,2019-12-17 17:46:12,2019-12-17 17:46:12,c3c38f08bd5c2470b222f474a6ed2945
2225,CANESTEN V1% CREMA VAGINAL,A,1978-07-24,10932,Clotrimazol 1 g. + Clotrimazol 1 g.,Clotrimazol + Clotrimazol,LABORATORIO FARMACEUTICO BAYER ,CREMA VAGINAL,1 g. + 1 g.,0.44,$15.55 - $15.55,15.55,15.55,2019-12-17 17:41:30,2019-12-17 17:41:30,e59bf81aef2c50d0b1e17da8857163b1
2226,FARMINOFEN 120mg/5mL JARABE,A,1979-07-24,10970,Paracetamol 120 mg.,Paracetamol,LABORATORIOS LAFAR,JARABE,120 mg.,,,,,2019-12-17 17:41:30,2019-12-17 17:41:30,c7c78e72774df87e7e6fde45e2933a2b
2227,SEPTRAN FORTE TABLETAS,A,1979-08-14,10971,Sulfametoxazol 800 mg. + Trimetoprim 160 mg.,Sulfametoxazol + Trimetoprim,"GLAXOSMITHKLINE MEXICO, S.A. DE C.V.",TABLETAS,800 mg. + 160 mg.,0.47,$6.97 - $7.51,6.97,7.51,2019-12-17 17:41:30,2019-12-17 17:41:30,2cfa5efe7ff8d1bcf59ad3c85e9242bb
2228,DAKTARIN  2 g/100 g GEL,A,1979-08-28,10990,MICONAZOL NITRATO 2 g.,MICONAZOL NITRATO,"JANSSEN CILAG, S.A. DE C.V., MEXICO",GEL,2 g.,0.19,$14.62 - $14.62,14.62,14.62,2019-12-17 17:41:30,2019-12-17 17:41:30,d7a46eff163d0be3d4966305723e5df8
2229,BOLSA PARA COLECCION Y ALMACENAMIENTO DE SANGRE CON SOLUCION ANTINCOAGULANTE DE C.P.D. (U.S.P.),A,1979-08-28,10993,ACIDO CITRICO 3.27 g. + CITRATO DE SODIO 26.3 g. + DEXTROSA 25.5 g. + FOSFATO SÓDICO 2.22 g.,ACIDO CITRICO + CITRATO DE SODIO + DEXTROSA + FOSFATO SÓDICO,"LABORATORIOS BIOGALENIC, S.A. DE C.V.",SOLUCION,3.27 g. + 26.3 g. + 25.5 g. + 2.22 g.,,,,,2019-12-17 17:41:30,2019-12-17 17:41:30,885fb1ca892f8a3fb4e400a0295f8a6e
2230,SILVERDIAZINE 1% CREMA,A,1979-09-11,11018,SULFADIAZINA 1 g.,SULFADIAZINA,LABORATORIOS PHARMEDIC,CREMA,1 g.,0.07,$5.37 - $5.50,5.37,5.5,2019-12-17 17:41:30,2019-12-17 17:41:30,ce18c89e35da0b7a59bc111c906fa4b7
2231,DEPAKENE 250 mg/5 mL JARABE,A,1979-09-25,11045,VALPROATO DE SODIO (EQUIVALENTE A ACIDO VALPROICO) 5 g/100ml,VALPROATO DE SODIO (EQUIVALENTE A ACIDO VALPROICO),"ABBOTT LABORATORIES DE MEXICO, S.A. DE C.V.",JARABE,5 g/100ml,0.2,$23.29 - $23.88,23.29,23.88,2019-12-17 17:41:30,2019-12-17 17:41:30,35ecb1f224190236fa48de1193867e57
2232,BACZOL ANTIGRIPAL BALSAMICO SUSPENSION,A,1979-09-25,11051,DIPIRONA 250 mg. + Clorhidrato de fenilefrina 2.5 mg. + Sulfametoxazol 200 mg. + Trimetoprim 40 mg. + Guaifenesina 50 mg. + CLORFENIRAMINA MALEATO 1 mg.,DIPIRONA + Clorhidrato de fenilefrina + Sulfametoxazol + Trimetoprim + Guaifenesina + CLORFENIRAMINA MALEATO,LABORATORIOS LOPEZ,SUSPENSION,250 mg. + 2.5 mg. + 200 mg. + 40 mg. + 50 mg. + 1 mg.,0.07,$4.42 - $6.76,4.42,6.76,2019-12-17 17:41:30,2019-12-17 17:41:30,f77293e1589eeacb48e5f2621d7af23d
2233,HOLOXAN 1g POLVO PARA SOLUCION INYECTABLE,A,1979-06-12,11062,IFOSFAMIDA 1 g.,IFOSFAMIDA,BAXTER ONCOLOGY GMBH,POLVO PARA SOLUCION INYECTABLE,1 g.,,,,,2019-12-17 17:41:30,2019-12-17 17:41:30,49d37e32cba60fb2d30d17032f6efe1d
2234,HOLOXAN 2g POLVO PARA SOLUCION INYECTABLE,A,1979-06-05,11063,IFOSFAMIDA 2000 mg.,IFOSFAMIDA,BAXTER ONCOLOGY GMBH,POLVO PARA SOLUCION INYECTABLE,2000 mg.,,,,,2019-12-17 17:41:30,2019-12-17 17:41:30,2272f82534a4febb0bb65e989cd7b456
2235,A-D FAR UNGUENTO,A,1979-09-25,11101,Colecalciferol 20 UI + RETINOL (VITAMINA A) 150 UI,Colecalciferol + RETINOL (VITAMINA A),LABORATORIOS LAFAR,UNGUENTO,20 UI + 150 UI,,,,,2019-12-17 17:41:30,2019-12-17 17:41:30,a7be3b41c60217ab8e143546cff2c12a
2236,PAREGORIN SUSPENSION,A,1979-10-23,11105,KAOLIN 0.9 g. + Ácido benzoico 0.0015 g. + PECTINA 0.05 g. + ESENCIA DE ANIS 0.0005 g.,KAOLIN + Ácido benzoico + PECTINA + ESENCIA DE ANIS,LABORATORIOS FALMAR,SUSPENSION,0.9 g. + 0.0015 g. + 0.05 g. + 0.0005 g.,0.06,$7.21 - $7.21,7.21,7.21,2019-12-17 17:41:31,2019-12-17 17:41:31,57a4ffaaa0d4fc5a3869348f38e7e9c9
2237,SOLUCION ISOTONICA DE CLORURO DE SODIO AL 0.9% I.V. SOLUCION INYECTABLE,A,1979-10-23,11129,Cloruro de sodio 0.9 g.,Cloruro de sodio,"LABORATORIOS BIOGALENIC, S.A. DE C.V.",SOLUCION INYECTABLE,0.9 g.,0.02,$1.53 - $13.74,1.53,13.74,2019-12-17 17:41:31,2019-12-17 17:41:31,067e08d1cb671828290c6913fbeccd09
2238,"DEXTROSA 5% SOLUCION INYECTABLE
",A,1979-10-23,11130,DEXTROSA 5 g.,DEXTROSA,"LABORATORIOS BIOGALENIC, S.A. DE C.V.",SOLUCION INYECTABLE,5 g.,0.02,$2.14 - $3.30,2.14,3.3,2019-12-17 17:41:31,2019-12-17 17:41:31,19e31934b81c4fe7cde120dcc0e8887c
2239,SOLUCION INYECTABLE DE DEXTROSA AL 5% Y CLORURO DE SODIO AL 0.9%,A,1979-10-23,11131,Cloruro de sodio 0.9 g. + DEXTROSA 5 g.,Cloruro de sodio + DEXTROSA,"LABORATORIOS BIOGALENIC, S.A. DE C.V.",SOLUCION INYECTABLE,0.9 g. + 5 g.,0.01,$2.00 - $3.14,2,3.14,2019-12-17 17:41:31,2019-12-17 17:41:31,ee0e91ccf05d44ea7d94eb1bbe876d01
2240,CETAMOL 120 mg/5 mL  JARABE,A,1978-09-25,11163,Acetaminofén 120 mg.,Acetaminofén,LABORATORIO FARMACEUTICO VIDES,JARABE,120 mg.,0.08,$4.98 - $4.98,4.98,4.98,2019-12-17 17:41:31,2019-12-17 17:41:31,196984b0b8884ffa987f9f645def4f78
2241,GANOL® 500 TABLETA,A,1979-12-21,11204,Paracetamol 500 mg.,Paracetamol,LABORATORIO FARMACEUTICO VIDES,TABLETAS,500 mg.,0.38,$2.28 - $8.41,2.28,8.41,2019-12-17 17:41:31,2019-12-17 17:41:31,e4759cd29c0762680649e90a0e38965f
2242,ALUGEL COMPUESTO SUSPENSION,A,1979-10-29,11230,Hidróxido de Magnesio 4 g. + Hidróxido de Magnesio 4 g. + Hidróxido de Aluminio 3.7 g. + Hidróxido de Aluminio 3.7 g. + Dimeticona 0.5 g. + Dimeticona 0.5 g.,Hidróxido de Magnesio + Hidróxido de Magnesio + Hidróxido de Aluminio + Hidróxido de Aluminio + Dimeticona + Dimeticona,LABORATORIOS RADON,SUSPENSION,4 g. + 4 g. + 3.7 g. + 3.7 g. + 0.5 g. + 0.5 g.,0.04,$9.24 - $9.35,9.24,9.35,2019-12-17 17:41:31,2019-12-17 17:41:31,c198d71c63341b2e48b051d6f91ff2d2
2243,VITA-SIL E. VITAMINA E 400 U.I. CAPSULAS,A,1980-03-04,11275,VITAMINA E ACETATO 400 UI + Aceite de soya 25 mg.,VITAMINA E ACETATO + Aceite de soya,"LABORATORIOS FARMACEUTICO FARMACAP, S.A.",CAPSULA,400 UI + 25 mg.,0.27,$8.23 - $8.23,8.23,8.23,2019-12-17 17:41:31,2019-12-17 17:41:31,a716b21524f168d20ba8ff0025707b9e
2244,VITA-SIL A VITAMINA A 10.000 UI  CAPSULAS,A,1980-03-04,11276,Aceite de soya 165 mg. + VITAMINA A PALMITATO 6 mg.,Aceite de soya + VITAMINA A PALMITATO,"FARMACAPS, S.A.",CAPSULA,165 mg. + 6 mg.,0.18,$7.21 - $7.44,7.21,7.44,2019-12-17 17:41:31,2019-12-17 17:41:31,6e40371a9fd9102454258328e431fe62
2245,VITA-SIL M MULTIVITAMINICO CON SALES MINERALES CAPSULAS,A,1980-03-04,11277,VITAMINA B12  5 mg. + VITAMINA C 150 mg. + HIERRO  10 mg. + Magnesio 5.5 mg. + MANGANESO 1 mg. + POTASIO 5 mg. + CALCIO 103 mg. + FOSFORO 80 mg. + VITAMINA D 400 UI + VITAMINA B1 10 mg. + VITAMINA B6 1 mg. + VITAMINA B2 5 mg. + ZINC 1.4 mg. + VITAMINA A 10000 UI + NIACINAMIDA 100 mg.,VITAMINA B12  + VITAMINA C + HIERRO  + Magnesio + MANGANESO + POTASIO + CALCIO + FOSFORO + VITAMINA D + VITAMINA B1 + VITAMINA B6 + VITAMINA B2 + ZINC + VITAMINA A + NIACINAMIDA,PHARMACAPS S.A.,CAPSULA,5 mg. + 150 mg. + 10 mg. + 5.5 mg. + 1 mg. + 5 mg. + 103 mg. + 80 mg. + 400 UI + 10 mg. + 1 mg. + 5 mg. + 1.4 mg. + 10000 UI + 100 mg.,0.26,$7.88 - $7.88,7.88,7.88,2019-12-17 17:41:31,2019-12-17 17:41:31,b3765145216c88654328d3c60fc84ece
2246,VITASIL AD CAPSULAS,A,1980-05-06,11331,Colecalciferol 9.25 mg. + ACEITE DE HIGADO DE BACALAO 300 mg. + VITAMINA A 5.706 mg.,Colecalciferol + ACEITE DE HIGADO DE BACALAO + VITAMINA A,LABORATORIOS FARMACAPS,CAPSULA,9.25 mg. + 300 mg. + 5.706 mg.,0.15,$4.61 - $4.61,4.61,4.61,2019-12-17 17:41:31,2019-12-17 17:41:31,b73d090e9d52c55e3a40528c946d501e
2247,TETRACICLINA MK 500 mg CAPSULA,A,1980-06-03,11398,TETRACICLINA CLORHIDRATO 514.5 mg.,TETRACICLINA CLORHIDRATO,"CORPORACION BONIMA, S.A. DE C.V.",CAPSULA,514.5 mg.,0.09,$8.52 - $8.52,8.52,8.52,2019-12-17 17:41:31,2019-12-17 17:41:31,50cae9441b90240a192a437d310c8627
2302,CLOTEN 1%  CREMA,A,1981-11-20,12103,Clotrimazol 1 g. + Clotrimazol 1 g.,Clotrimazol + Clotrimazol,LABORATORIOS LAFAR,CREMA,1 g. + 1 g.,0.21,$3.51 - $3.60,3.51,3.6,2019-12-17 17:41:33,2019-12-17 17:41:33,4380e986f4e55754e246b6fe5c25c0b3
2248,TIAMINA 300 ANCALMO TABLETAS ,A,1980-06-17,11429,CAFEINA ANHIDRA 80 mg. + Tiamina 300 mg.,CAFEINA ANHIDRA + Tiamina,LABORATORIO ANCALMO,TABLETAS,80 mg. + 300 mg.,0.08,$8.22 - $8.22,8.22,8.22,2019-12-17 17:41:31,2019-12-17 17:41:31,6cf8ef0a055ae20126b281c3e196eb43
2249,DOXIUM 500 mg CAPSULAS,A,1980-04-09,11456,Dobesilato de calcio 500 mg.,Dobesilato de calcio,OM PHARMA S.A.,CAPSULAS,500 mg.,0.86,$29.27 - $74.27,29.27,74.27,2019-12-17 17:41:31,2019-12-17 17:41:31,6936e64d2683aa6ce4e16c8897e09a32
2250,ETALPHA LEO 1 mcg CAPSULAS,A,1980-04-08,11458,ALFACALCIDOL 1 mcg.,ALFACALCIDOL,LEO PHARMA A/S.,CAPSULA,1 mcg.,1.2,$52.48 - $64.33,52.48,64.33,2019-12-17 17:41:31,2019-12-17 17:41:31,e56ea4fdfc87d9cc36576919775e00da
2251,ETALPHA LEO 0.25 mcg  CAPSULAS ,A,1980-07-29,11459,ALFACALCIDOL 0.25 mcg.,ALFACALCIDOL,LEO PHARMA A/S.,CAPSULA,0.25 mcg.,2,$24.07 - $32.02,24.07,32.02,2019-12-17 17:41:31,2019-12-17 17:41:31,27b4f2d038a92bea211fb23bb16f925f
2252,"PEN DI BEN 2,400,000 U.I. POLVO PARA SUSPENSION INYECTABLE",A,1980-05-20,11499,PENICILINA G BENZATINICA 2400000 UI + LIDOCAINA CLORHIDRATO 35 mg.,PENICILINA G BENZATINICA + LIDOCAINA CLORHIDRATO,"LABORATORIOS BAGÓ, S.A.",POLVO PARA SUSPENSION INYECTABLE,2400000 UI + 35 mg.,6.45,$6.45 - $6.45,6.45,6.45,2019-12-17 17:41:31,2019-12-17 17:41:31,4381ba8e799f1468418ad8f84f0d1d11
2253,"PEN DI BEN 1,200.000 U.I POLVO PARA SUSPENSION  INYECTABLE",A,1980-04-08,11500,PENICILINA G BENZATINICA 1200000 UI,PENICILINA G BENZATINICA,"LABORATORIOS BAGÓ, S.A.",POLVO PARA SUSPENSION INYECTABLE,1200000 UI,6.1,$6.10 - $6.10,6.1,6.1,2019-12-17 17:41:31,2019-12-17 17:41:31,5a4c3d8f50aaf0465bf79acaa4cadb0d
2254,ATLANSIL 150 mg INYECTABLE,A,1980-08-12,11506,AMIODARONA CLORHIDRATO 150 mg.,AMIODARONA CLORHIDRATO,ACROMAX LABORATORIO QUIMICO FARMACEUTICO S.A,INYECTABLE,150 mg.,0.64,$11.46 - $11.46,11.46,11.46,2019-12-17 17:41:31,2019-12-17 17:41:31,6e560b5848873f17e17447d49de9c68b
2255,BABY CARE,A,1980-08-26,11522,Óxido de zinc 13 g. + Colecalciferol 0.488 g. + Cloruro de benzalconio 0.488 g. + Almidones 63.52 g. + VITAMINA A PALMITATO 2.932 g.,Óxido de zinc + Colecalciferol + Cloruro de benzalconio + Almidones + VITAMINA A PALMITATO,LABORATORIO FARMACEUTICO FARDEL,CREMA,13 g. + 0.488 g. + 0.488 g. + 63.52 g. + 2.932 g.,0.29,$4.99 - $7.38,4.99,7.38,2019-12-17 17:41:31,2019-12-17 17:41:31,617ccd258b102a29fb63d3a9ec02e97f
2256,GRISFULVIN-REAL  500 mg  TABLETAS ,A,1980-08-26,11525,GRISEOFULVINA  500 mg.,GRISEOFULVINA ,LABORATORIO FARMACEUTICO FARDEL,TABLETAS,500 mg.,0.33,$6.63 - $6.63,6.63,6.63,2019-12-17 17:41:31,2019-12-17 17:41:31,8e951f5f8e35f511b135edaaf9988089
2257,NIACIN-FORD 100 mg TABLETAS,A,1980-10-07,11575,ACIDO NICOTINICO 100 mg.,ACIDO NICOTINICO,PARETO D/B/A FORD LABORATORIES INC,TABLETAS,100 mg.,0.13,$12.90 - $12.90,12.9,12.9,2019-12-17 17:41:31,2019-12-17 17:41:31,d863c981c418bb42cdcf732d05738195
2258,THERIMIN M FORD TABLETAS,A,1980-10-21,11597,POTASIO 7.5 mg. + ACIDO PANTOTENICO (COMO PANTOTENATO DE CALCIO) 10 mg. + VITAMINA B12 (CIANOCOBALAMINA) 6 mcg. + Ácido fólico 30 mcg. + VITAMINA C 90 mg. + NIACINA 20 mg. + HIERRO  27 mg. + Magnesio 100 mg. + MANGANESO 5 mg. + SELENIUM 10 mcg. + Cromo 15 mcg. + COBRE 2 mg. + CALCIO 5 mg. + DL-Alfa tocoferil acetato 30 UI + FOSFORO 31 mg. + VITAMINA B6 (PIRIDOXINA) 3 mg. + VITAMINA D 400 UI + VITAMINA B1 (TIAMINA CLORHIDRATO) 3 mg. + YODURO 150 mcg. + D-BIOTINA 30 mcg. + VITAMINA B2 (RIVOFLAVINA) 3.4 mg. + VITAMINA A 5000 UI,POTASIO + ACIDO PANTOTENICO (COMO PANTOTENATO DE CALCIO) + VITAMINA B12 (CIANOCOBALAMINA) + Ácido fólico + VITAMINA C + NIACINA + HIERRO  + Magnesio + MANGANESO + SELENIUM + Cromo + COBRE + CALCIO + DL-Alfa tocoferil acetato + FOSFORO + VITAMINA B6 (PIRIDOXINA) + VITAMINA D + VITAMINA B1 (TIAMINA CLORHIDRATO) + YODURO + D-BIOTINA + VITAMINA B2 (RIVOFLAVINA) + VITAMINA A,PARETO D/B/A FORD LABORATORIES INC,TABLETAS,7.5 mg. + 10 mg. + 6 mcg. + 30 mcg. + 90 mg. + 20 mg. + 27 mg. + 100 mg. + 5 mg. + 10 mcg. + 15 mcg. + 2 mg. + 5 mg. + 30 UI + 31 mg. + 3 mg. + 400 UI + 3 mg. + 150 mcg. + 30 mcg. + 3.4 mg. + 5000 UI,0.23,$22.53 - $22.53,22.53,22.53,2019-12-17 17:41:31,2019-12-17 17:41:31,805d61d04a35bc1b6140215cb645a628
2259,VITAMINA E NATURAL FORD CAPSULAS,A,1980-10-28,11599,D-Alfa tocoferol 400 UI,D-Alfa tocoferol,PARETO D/B/A FORD LABORATORIES INC,TABLETA,400 UI,0.25,$25.06 - $25.06,25.06,25.06,2019-12-17 17:41:31,2019-12-17 17:41:31,b745c310c78ec21efb1ae16039f9630f
2260,SUPER POTENCIA STRESS FORD TABLETAS,A,1973-03-04,11600,VITAMINA B6 (PIRIDOXINA CLORHIDRATO) 5 mg. + ACIDO PANTOTENICO (COMO PANTOTENATO DE CALCIO) 20 mg. + VITAMINA B12 (CIANOCOBALAMINA) 12 mcg. + BIOTINA  45 mcg. + Ácido fólico 400 mcg. + VITAMINA B1 (TIAMINA CLORHIDRATO) 15 mg. + VITAMINA B2 (RIVOFLAVINA) 10 mg. + VITAMINA C (ACIDO ASCORBICO) 500 mg. + NIACINAMIDA 100 mg. + VITAMINA E 30 UI,VITAMINA B6 (PIRIDOXINA CLORHIDRATO) + ACIDO PANTOTENICO (COMO PANTOTENATO DE CALCIO) + VITAMINA B12 (CIANOCOBALAMINA) + BIOTINA  + Ácido fólico + VITAMINA B1 (TIAMINA CLORHIDRATO) + VITAMINA B2 (RIVOFLAVINA) + VITAMINA C (ACIDO ASCORBICO) + NIACINAMIDA + VITAMINA E,PARETO D/B/A FORD LABORATORIES INC,TABLETAS,5 mg. + 20 mg. + 12 mcg. + 45 mcg. + 400 mcg. + 15 mg. + 10 mg. + 500 mg. + 100 mg. + 30 UI,0.35,$20.76 - $20.76,20.76,20.76,2019-12-17 17:41:31,2019-12-17 17:41:31,91c0011e8cada54c449d585c29275da9
2261,"VITAMINA A NATURAL FORD 25,000 UI CAPSULAS",A,1980-10-21,11601,VITAMINA A 25000 UI,VITAMINA A,PARETO D/B/A FORD LABORATORIES INC,CAPSULAS,25000 UI,0.16,$15.87 - $15.87,15.87,15.87,2019-12-17 17:41:31,2019-12-17 17:41:31,3aa1010c811a3b7f0a893345b75df662
2262,"ROJAMINA FUERTE 50,000 SOLUCION INYECTABLE",A,1980-11-04,11617,Hierro amoniacal citrato 0.1 mg. + VITAMINA B12  5000 mcg. + VITAMINA B1 100 mg. + VITAMINA B6 50 mg.,Hierro amoniacal citrato + VITAMINA B12  + VITAMINA B1 + VITAMINA B6,LABORATORIO FERSON,SOLUCION INYECTABLE,0.1 mg. + 5000 mcg. + 100 mg. + 50 mg.,1.42,$6.75 - $7.89,6.75,7.89,2019-12-17 17:41:31,2019-12-17 17:41:31,31979306d46c35ab76280ffd24a33beb
2263,CATAPLASMINE UNGÜENTO,A,1980-11-04,11622,SALICILATO DE METILO 0.26 g. + Guayacol 0.26 g. + CREOSOTA VEGETAL DE LA HAYA 1.302 g.,SALICILATO DE METILO + Guayacol + CREOSOTA VEGETAL DE LA HAYA,LABORATORIOS RADON,UNGUENTO,0.26 g. + 0.26 g. + 1.302 g.,0.05,$2.97 - $2.97,2.97,2.97,2019-12-17 17:41:31,2019-12-17 17:41:31,78762f9d6665e3cd5cc4016dd3419922
2264,ALERDES 0.12/0.05% SOLUCION OFTALMICA,A,1980-11-04,11634,ANTAZOLINA FOSFATO  0.12 g. + ANTAZOLINA FOSFATO  0.12 g. + NAFAZOLINA CLORHIDRATO 0.05 g. + NAFAZOLINA CLORHIDRATO 0.05 g.,ANTAZOLINA FOSFATO  + ANTAZOLINA FOSFATO  + NAFAZOLINA CLORHIDRATO + NAFAZOLINA CLORHIDRATO,LABORATORIOS LOPEZ,SOLUCION OFTALMICA,0.12 g. + 0.12 g. + 0.05 g. + 0.05 g.,0.97,$7.15 - $7.32,7.15,7.32,2019-12-17 17:41:31,2019-12-17 17:41:31,c3eed78823352dc2918ec0cc6393557f
2265,SUPER C NATURAL CON BIOFLAVONOIDES RUTIN-ACEROLA FORD TABLETAS,A,1980-12-12,11649,VITAMINA C 500 mg.,VITAMINA C,PARETO D/B/A FORD LABORATORIES INC,TABLETAS,500 mg.,0.27,$26.66 - $26.66,26.66,26.66,2019-12-17 17:41:31,2019-12-17 17:41:31,f38f703e7de23340ad4c4b1d8672bd42
2266,TENORETIC 100/25 mg TABLETAS ,A,1980-12-02,11667,Atenolol 100 mg. + Clortalidona 25 mg.,Atenolol + Clortalidona,ASTRAZENECA S.A. DE C.V.,TABLETAS,100 mg. + 25 mg.,,,,,2019-12-17 17:41:32,2019-12-17 17:41:32,f9c3ad60155d856abc4b5e70f36fd32f
2286,OTOFER 50mg-15mg/mL SOLUCION OTICA,A,1981-04-28,11852,ANTIPIRINA (FENAZONA) 50 mg. + Benzocaína 15 mg.,ANTIPIRINA (FENAZONA) + Benzocaína,LABORATORIO FERSON,SOLUCION OTICA,50 mg. + 15 mg.,0.39,$6.68 - $6.84,6.68,6.84,2019-12-17 17:41:32,2019-12-17 17:41:32,18f46d4b0acac6021679ebc9b93ca81c
2267,GERI-VITE ALTA POTENCIA FORD TABLETAS,A,1980-12-02,11676,"VITAMINA B6 (PIRIDOXINA CLORHIDRATO) 2 N/A + NIQUEL 5 mcg. + ACIDO PANTOTENICO (COMO PANTOTENATO DE CALCIO) 10 mg. + VITAMINA B12 (CIANOCOBALAMINA) 6 mcg. + Ácido fólico 400 mcg. + NIACINA 20 mg. + HIERRO  18 mg. + Magnesio 100 mg. + MANGANESO 37.5 mg. + POTASIO 34.5 mg. + ESTAÑO 10 mcg. + SELENIUM 15 mcg. + COBRE 2 mg. + Vanadio 10 mcg. + CALCIO 125 mg. + DL-Alfa tocoferil acetato 30 UI + FOSFORO 2.5 mg. + Fitomenadiona 25 mcg. + VITAMINA D 400 UI + VITAMINA B1 (TIAMINA CLORHIDRATO) 1.5 mg. + SILICIO 80 mcg. + YODURO 150 mcg. + D-BIOTINA 45 mcg. + CELULOSA MICROCRISTALINA, MALTODEXTRINA, CARRAGENINA, CLORIDO DE SODIO 15 mcg. + VITAMINA B2 (RIVOFLAVINA) 1.7 mg. + VITAMINA A 6000 UI + VITAMINA C (ACIDO ASCORBICO) 60 mg. + CROMO  15 mcg. + CINC 15 mg.","VITAMINA B6 (PIRIDOXINA CLORHIDRATO) + NIQUEL + ACIDO PANTOTENICO (COMO PANTOTENATO DE CALCIO) + VITAMINA B12 (CIANOCOBALAMINA) + Ácido fólico + NIACINA + HIERRO  + Magnesio + MANGANESO + POTASIO + ESTAÑO + SELENIUM + COBRE + Vanadio + CALCIO + DL-Alfa tocoferil acetato + FOSFORO + Fitomenadiona + VITAMINA D + VITAMINA B1 (TIAMINA CLORHIDRATO) + SILICIO + YODURO + D-BIOTINA + CELULOSA MICROCRISTALINA, MALTODEXTRINA, CARRAGENINA, CLORIDO DE SODIO + VITAMINA B2 (RIVOFLAVINA) + VITAMINA A + VITAMINA C (ACIDO ASCORBICO) + CROMO  + CINC",PARETO D/B/A FORD LABORATORIES INC,TABLETAS,2 N/A + 5 mcg. + 10 mg. + 6 mcg. + 400 mcg. + 20 mg. + 18 mg. + 100 mg. + 37.5 mg. + 34.5 mg. + 10 mcg. + 15 mcg. + 2 mg. + 10 mcg. + 125 mg. + 30 UI + 2.5 mg. + 25 mcg. + 400 UI + 1.5 mg. + 80 mcg. + 150 mcg. + 45 mcg. + 15 mcg. + 1.7 mg. + 6000 UI + 60 mg. + 15 mcg. + 15 mg.,0.31,$21.65 - $26.09,21.65,26.09,2019-12-17 17:41:32,2019-12-17 17:41:32,42e4abedc55b31755f8dad64553e882a
2268,SIGUEBIEM TOS/FLEMA,A,1981-12-16,11679,TIOCOL 378 mg. + EUCALIPTOL 65 mg. + EXTRACTO FLUIDO DE TOLU 63 mg. + MENTOL CRISTALIZADO 8.5 mg.,TIOCOL + EUCALIPTOL + EXTRACTO FLUIDO DE TOLU + MENTOL CRISTALIZADO,LABORATORIOS S&M,JARABE,378 mg. + 65 mg. + 63 mg. + 8.5 mg.,0.04,$4.26 - $4.26,4.26,4.26,2019-12-17 17:41:32,2019-12-17 17:41:32,46c3897856fe13e4843de99204261f55
2269,SALSODA FD EFERVECENTE POLVO,A,1980-12-16,11682,Bicarbonato de sodio 41 g. + ACIDO CITRICO 15 g. + SULFATO DE SODIO 20 g. + ACIDO TARTARICO 22 g. + SAL DE GRANO 2 g.,Bicarbonato de sodio + ACIDO CITRICO + SULFATO DE SODIO + ACIDO TARTARICO + SAL DE GRANO,LABORATORIO FARMACEUTICO FARDEL,POLVO,41 g. + 15 g. + 20 g. + 22 g. + 2 g.,,,,,2019-12-17 17:41:32,2019-12-17 17:41:32,e5a421ff3785db010c0a816c95ea2d33
2270,FASTUM 50 mg CAPSULAS,A,1980-12-02,11683,KETOPROFENO 50 mg.,KETOPROFENO,"LABORATORIOS MENARINI, SA",CAPSULA,50 mg.,0.69,$14.79 - $63.52,14.79,63.52,2019-12-17 17:41:32,2019-12-17 17:41:32,18826d2cf5935fadaff5b7c793cd40c1
2271,FUCIDIN LEO 2% CREMA,A,1980-12-02,11688,Ácido fusídico 20 mg.,Ácido fusídico,LEO LABORATORIES LTD.,CREMA,20 mg.,0.76,$14.54 - $15.50,14.54,15.5,2019-12-17 17:41:32,2019-12-17 17:41:32,e71e0f19be10db7b6d8c504278a0702a
2272,TROFERIT 0.3 g JARABE,A,1981-01-27,11698,DROPROPIZINA 0.3 g.,DROPROPIZINA,"PRODUCTOS FARMACÉUTICOS, S.A. DE C.V.",JARABE,0.3 g.,0.11,$13.73 - $13.73,13.73,13.73,2019-12-17 17:41:32,2019-12-17 17:41:32,2eac0141fbfaa782e7fdea7c1809a2ff
2273,TROFERIT 20 mg SUPOSITORIOS,A,1981-01-27,11699,DROPROPIZINA 20 mg.,DROPROPIZINA,"PRODUCTOS FARMACÉUTICOS, S.A. DE C.V.",SUPOSITORIO,20 mg.,2.38,$19.06 - $19.06,19.06,19.06,2019-12-17 17:41:32,2019-12-17 17:41:32,02510d4be1cc0e621b263fd12a014d04
2274,INDERAL 40 mg TABLETAS,A,2008-01-27,11713,Clorhidrato de propranolol 40 mg.,Clorhidrato de propranolol,ASTRAZENECA S.A. DE C.V.,TABLETAS,40 mg.,0.14,$6.90 - $6.90,6.9,6.9,2019-12-17 17:41:32,2019-12-17 17:41:32,5c1a0935d29fc99e227678f41521333a
2275,HELMITEX  100 mg/5mL  SUSPENSION,A,1981-01-27,11730,Mebendazol 100 mg.,Mebendazol,LABORATORIO FARMACEUTICO FARDEL,SUSPENSION,100 mg.,0.06,$1.89 - $1.89,1.89,1.89,2019-12-17 17:41:32,2019-12-17 17:41:32,d2601bfb88fb8d82e5f6af199e6bdfd4
2276,HELMITEX  100 mg TABLETAS,A,1981-01-27,11731,Mebendazol 100 mg.,Mebendazol,LABORATORIO FARMACEUTICO FARDEL,TABLETAS,100 mg.,0.36,$2.16 - $2.16,2.16,2.16,2019-12-17 17:41:32,2019-12-17 17:41:32,4d45c0e50a3da44cd861de76f36524d2
2277,BRONDEX  2.0 mg/5mL  JARABE,A,1981-01-27,11734,Sulfato de salbutamol 2 mg.,Sulfato de salbutamol,LABORATORIO FARMACEUTICO FARDEL,JARABE,2 mg.,0.03,$4.07 - $4.07,4.07,4.07,2019-12-17 17:41:32,2019-12-17 17:41:32,c09bd1ecb631b5165ca1336ed77f7599
2278,SIGUEBIEM tos/alergia,A,1981-01-27,11754,DEXTROMETORFANO BROMHIDRATO 10 mg. + Clorhidrato de fenilefrina 2 mg. + MENTOL CRISTALIZADO 0.5 mg. + CLORFENIRAMINA MALEATO 2 mg.,DEXTROMETORFANO BROMHIDRATO + Clorhidrato de fenilefrina + MENTOL CRISTALIZADO + CLORFENIRAMINA MALEATO,LABORATORIOS S&M,JARABE,10 mg. + 2 mg. + 0.5 mg. + 2 mg.,0.06,$5.00 - $5.19,5,5.19,2019-12-17 17:41:32,2019-12-17 17:41:32,0d56fd8269e10b55a6ebe856dc7d9e75
2279,MULTIVITAMINAS GRAGEAS ECOMED,A,2008-09-04,11785,Sulfato de cobalto 0.1 mg. + Vitamina A acetato 1200 UI + Pantotenato de calcio 2 mg. + VITAMINA D2 200 UI + Piridoxina clorhidrato 0.5 mg. + D-Alfa tocoferol 2 mg. + Tiamina clorhidrato 0.3 mg. + Cianocobalamina 0.3 mcg. + FLUORURO DE SODIO 0.01 mg. + Sulfato ferroso 5 mg. + Fosfato dicálcico 20 mg. + Sulfato de cobre pentahidratado 0.1 mg. + Riboflavina 0.5 mg. + YODURO DE POTASIO 0.002 mg.,Sulfato de cobalto + Vitamina A acetato + Pantotenato de calcio + VITAMINA D2 + Piridoxina clorhidrato + D-Alfa tocoferol + Tiamina clorhidrato + Cianocobalamina + FLUORURO DE SODIO + Sulfato ferroso + Fosfato dicálcico + Sulfato de cobre pentahidratado + Riboflavina + YODURO DE POTASIO,LABORATORIOS PHARMEDIC,GRAGEAS,0.1 mg. + 1200 UI + 2 mg. + 200 UI + 0.5 mg. + 2 mg. + 0.3 mg. + 0.3 mcg. + 0.01 mg. + 5 mg. + 20 mg. + 0.1 mg. + 0.5 mg. + 0.002 mg.,0.08,$13.42 - $20.16,13.42,20.16,2019-12-17 17:41:32,2019-12-17 17:41:32,25dbf4d5f1a3c5c13235962bc0a207e9
2280,COSMO-RUB UNGÜENTO,A,1981-03-10,11806,Alcanfor 1 g. + EUCALIPTOL 2 g. + SALICILATO DE METILO 12 g. + MENTOL CRISTALIZADO 1 g.,Alcanfor + EUCALIPTOL + SALICILATO DE METILO + MENTOL CRISTALIZADO,LABORATORIO FARMACEUTICO FARDEL,UNGUENTO,1 g. + 2 g. + 12 g. + 1 g.,,,,,2019-12-17 17:41:32,2019-12-17 17:41:32,27277144c46155f30230268059cf4de0
2281,TRANKIL 50  TABLETAS,A,1980-11-18,11825,DIFENHIDRAMINA CLORHIDRATO 50 mg.,DIFENHIDRAMINA CLORHIDRATO,LABORATORIOS PHARMEDIC,TABLETAS,50 mg.,,,,,2019-12-17 17:41:32,2019-12-17 17:41:32,a0df71d0cb1e573e090b422400d11713
2282,BACTICEL SUSPENSION,A,1981-04-28,11843,Sulfametoxazol 4 g. + Trimetoprim 0.8 g.,Sulfametoxazol + Trimetoprim,"LABORATORIOS BAGÓ, S.A.",SUSPENSION,4 g. + 0.8 g.,0.06,$6.87 - $6.87,6.87,6.87,2019-12-17 17:41:32,2019-12-17 17:41:32,3827c5f4e9f0094d203da9e4a66e53f8
2283,BACTICEL COMPRIMIDOS RECUBIERTOS,A,1981-04-28,11844,Sulfametoxazol 800 mg. + Trimetoprim 160 mg.,Sulfametoxazol + Trimetoprim,"LABORATORIOS BAGÓ, S.A.",COMPRIMIDO RECUBIERTO,800 mg. + 160 mg.,0.75,$9.00 - $9.00,9,9,2019-12-17 17:41:32,2019-12-17 17:41:32,02f82b125a655666d439e6cbc65c2481
2284,ENTERO-BACTICEL COMPRIMIDOS RECUBIERTOS,A,1981-04-28,11845,ATAPULGITA 200 mg. + Sulfametoxazol 400 mg. + Trimetoprim 80 mg.,ATAPULGITA + Sulfametoxazol + Trimetoprim,"LABORATORIOS BAGÓ, S.A.",COMPRIMIDO RECUBIERTO,200 mg. + 400 mg. + 80 mg.,0.58,$7.00 - $7.00,7,7,2019-12-17 17:41:32,2019-12-17 17:41:32,79291302b2992b93c93b9cd28a4e9109
2285,ENTERO-BACTICEL SUSPENSION,A,1981-04-28,11846,ATAPULGITA 2 g. + Sulfametoxazol 4 g. + Trimetoprim 0.8 g.,ATAPULGITA + Sulfametoxazol + Trimetoprim,"LABORATORIOS BAGÓ, S.A.",SUSPENSION,2 g. + 4 g. + 0.8 g.,0.16,$9.44 - $9.44,9.44,9.44,2019-12-17 17:41:32,2019-12-17 17:41:32,1d46aab6c558279f0ee44afefeda7171
2287,COMEVIT VITAMINADO JARABE,A,1981-03-24,11855,L-TRIPTOFANO 10 mg. + L-TRIPTOFANO 10 mg. + CIANOCOBALAMINA 0.1 mg. + CIANOCOBALAMINA 0.1 mg. + L-LISINA 150 mg. + L-LISINA 150 mg. + Ciproheptadina clorhidrato 2 mg. + Ciproheptadina clorhidrato 2 mg. + PIRIDOXINA 10 mg. + PIRIDOXINA 10 mg.,L-TRIPTOFANO + L-TRIPTOFANO + CIANOCOBALAMINA + CIANOCOBALAMINA + L-LISINA + L-LISINA + Ciproheptadina clorhidrato + Ciproheptadina clorhidrato + PIRIDOXINA + PIRIDOXINA,LABORATORIOS RADON,JARABE,10 mg. + 10 mg. + 0.1 mg. + 0.1 mg. + 150 mg. + 150 mg. + 2 mg. + 2 mg. + 10 mg. + 10 mg.,0.05,$4.56 - $15.90,4.56,15.9,2019-12-17 17:41:32,2019-12-17 17:41:32,0c234f58110f90d2bae940679dbc311b
2288,IPATOL JARABE,A,1981-04-28,11857,Hierro amoniacal citrato 2.25 mg. + Hierro amoniacal citrato 2.25 mg. + Colecalciferol 200 UI + Colecalciferol 200 UI + HIPOFOSFITO DE POTASIO 0.27 mg. + HIPOFOSFITO DE POTASIO 0.27 mg. + HIPOFOSFITO DE MANGANESO 1.8 mg. + HIPOFOSFITO DE MANGANESO 1.8 mg. + HIPOFOSFITO DE CALCIO 1.8 mg. + HIPOFOSFITO DE CALCIO 1.8 mg. + CLORHIDRATO DE QUININA 0.8 mg. + CLORHIDRATO DE QUININA 0.8 mg. + CITRATO DE SODIO 5 mg. + CITRATO DE SODIO 5 mg. + VITAMINA A PALMITATO 1000 UI + VITAMINA A PALMITATO 1000 UI,Hierro amoniacal citrato + Hierro amoniacal citrato + Colecalciferol + Colecalciferol + HIPOFOSFITO DE POTASIO + HIPOFOSFITO DE POTASIO + HIPOFOSFITO DE MANGANESO + HIPOFOSFITO DE MANGANESO + HIPOFOSFITO DE CALCIO + HIPOFOSFITO DE CALCIO + CLORHIDRATO DE QUININA + CLORHIDRATO DE QUININA + CITRATO DE SODIO + CITRATO DE SODIO + VITAMINA A PALMITATO + VITAMINA A PALMITATO,"LABORATORIOS ARSAL, S.A. DE C.V.",JARABE,2.25 mg. + 2.25 mg. + 200 UI + 200 UI + 0.27 mg. + 0.27 mg. + 1.8 mg. + 1.8 mg. + 1.8 mg. + 1.8 mg. + 0.8 mg. + 0.8 mg. + 5 mg. + 5 mg. + 1000 UI + 1000 UI,0.02,$7.50 - $7.54,7.5,7.54,2019-12-17 17:41:32,2019-12-17 17:41:32,20d5f3af84d3e29058515444dec57eb7
2289,TRABIT AMPOLLAS GEMELAS SOLUCION INYECTABLE,A,1981-04-28,,,,,,,,$5.45 - $5.45,5.45,5.45,2019-12-17 17:41:32,2019-12-17 17:41:32,cffa7529098cc7a1539c72c2327ad623
2290,TABCIN EXTRA FUERTE TABLETA,A,1981-06-25,11901,Clorfeniramina Maleato 2 mg. + PARACETAMOL  555.56 mg. + CLORHIDRATO DE FENILEFRINA 5 mg.,Clorfeniramina Maleato + PARACETAMOL  + CLORHIDRATO DE FENILEFRINA,SCHERING PLOUGH S.A. DE C.V. ,TABLETAS,2 mg. + 555.56 mg. + 5 mg.,0.17,$2.15 - $12.23,2.15,12.23,2019-12-17 17:41:33,2019-12-17 17:41:33,9b44eb393f5a64a4251143426a928216
2291,COMEVIT 4 mg TABLETAS,A,1981-06-12,11906,Ciproheptadina clorhidrato 4 mg.,Ciproheptadina clorhidrato,LABORATORIOS RADON,TABLETAS,4 mg.,0.19,$5.81 - $5.81,5.81,5.81,2019-12-17 17:41:33,2019-12-17 17:41:33,3b16be7826881c5b6f1adb224aacf1fe
2292,PULMO GRIP NF BALSÁMICO SOLUCIÓN INYECTABLE,A,1981-05-28,11928,HIDROCLORURO DE MOROXIDINA (ABOB) 500 mg. + FENILEFRINA 3 mg. + METAMIZOL SODICO 1 g. + CLORFENIRAMINA MALEATO 8 mg.,HIDROCLORURO DE MOROXIDINA (ABOB) + FENILEFRINA + METAMIZOL SODICO + CLORFENIRAMINA MALEATO,LABORATORIOS VIJOSA,SOLUCION INYECTABLE,500 mg. + 3 mg. + 1 g. + 8 mg.,0.48,$2.42 - $2.42,2.42,2.42,2019-12-17 17:41:33,2019-12-17 17:41:33,c9bd45ca1f80fb6088578ee7a506196f
2293,BEPANTHENE CREMA,A,1981-09-25,12019,DEXPANTENOL 50 mg.,DEXPANTENOL,GP GRENZACH PRODUKTIONS GMBH.,CREMA,50 mg.,0.24,$7.29 - $7.29,7.29,7.29,2019-12-17 17:41:33,2019-12-17 17:41:33,945b56ab0444b1e7518de493c5244e52
2294,SOLUTO VITAL 150mg TABLETAS,A,1981-10-09,12024,TETRAETILTIURAN DISULFURO 150 mg.,TETRAETILTIURAN DISULFURO,LABORATORIO FERSON,TABLETA,150 mg.,0.13,$8.61 - $14.86,8.61,14.86,2019-12-17 17:41:33,2019-12-17 17:41:33,73d5b9db4bfe2ffbc1dd2d4aec2907c9
2295,CANESTEN V 2% CREMA VAGINAL,A,1981-10-09,12041,Clotrimazol 2 g. + Clotrimazol 2 g. + Clotrimazol 2 g.,Clotrimazol + Clotrimazol + Clotrimazol,"CORPORACION BONIMA, S.A. DE C.V.",CREMA VAGINAL,2 g. + 2 g. + 2 g.,0.78,$15.57 - $15.57,15.57,15.57,2019-12-17 17:41:33,2019-12-17 17:41:33,013ca7492f457288d377c46e97fae274
2296,CORITOS GAMMA JARABE,A,1981-10-09,12043,DEXTROMETORFANO BROMHIDRATO 7.5 mg. + Acetaminofén 120 mg. + GUAYACOLATO DE GLICERILO 15 mg. + CLORFENIRAMINA MALEATO 1 mg.,DEXTROMETORFANO BROMHIDRATO + Acetaminofén + GUAYACOLATO DE GLICERILO + CLORFENIRAMINA MALEATO,GAMMA LABORATORIES ,JARABE,7.5 mg. + 120 mg. + 15 mg. + 1 mg.,2.63,$8.80 - $9.99,8.8,9.99,2019-12-17 17:41:33,2019-12-17 17:41:33,08c003334107cd59362a72f39ff265d7
2297,SINTEMP-GAMMA JARABE,A,1981-10-09,12047,Acetaminofén 120 mg.,Acetaminofén,GAMMA LABORATORIES ,JARABE,120 mg.,0.03,$2.33 - $3.11,2.33,3.11,2019-12-17 17:41:33,2019-12-17 17:41:33,0ae74a0a247141fa4e785d32fb8c67c6
2298,GAMMA MINERAL VITAMINADO JARABE,A,1981-10-09,12048,TIAMINA CLORHIDRATO 0.85 mg. + COLINA 1.3875 mg. + RIBOFLAVINA 0.85 mg. + L-LISINA 4.1875 mg. + L-Cisteína 1.3875 mg. + NICOTINAMIDA 2.775 mg. + VITAMINA B12  12.5 mcg. + Sulfato de zinc heptahidratado 1.6625 mg. + Sulfato de manganeso 1.6625 mg. + Inositol 1.3875 mg. + YODURO DE POTASIO 0.098 mg. + PIRIDOXINA CLORHIDRATO 0.5625 mg. + SULFATO DE HIERRO 1.9 mg. + FOSFATO DIBASICO DE CALCIO 0.14 mg. + ACETATO DE VITAMINA A 0.005 ml. + ACIDO ASCORBICO 6.95 mg. + D-PANTENOL 1.95 mg. + SULFATO DE MAGNESIO MONOHIDRATADO 1.1125 mg.,TIAMINA CLORHIDRATO + COLINA + RIBOFLAVINA + L-LISINA + L-Cisteína + NICOTINAMIDA + VITAMINA B12  + Sulfato de zinc heptahidratado + Sulfato de manganeso + Inositol + YODURO DE POTASIO + PIRIDOXINA CLORHIDRATO + SULFATO DE HIERRO + FOSFATO DIBASICO DE CALCIO + ACETATO DE VITAMINA A + ACIDO ASCORBICO + D-PANTENOL + SULFATO DE MAGNESIO MONOHIDRATADO,GAMMA LABORATORIES ,JARABE,0.85 mg. + 1.3875 mg. + 0.85 mg. + 4.1875 mg. + 1.3875 mg. + 2.775 mg. + 12.5 mcg. + 1.6625 mg. + 1.6625 mg. + 1.3875 mg. + 0.098 mg. + 0.5625 mg. + 1.9 mg. + 0.14 mg. + 0.005 ml. + 6.95 mg. + 1.95 mg. + 1.1125 mg.,0.13,$9.90 - $14.16,9.9,14.16,2019-12-17 17:41:33,2019-12-17 17:41:33,5e0c0c21577c93626a1332eb36cb0503
2299,NOR-PRIM 40/200 mg/5 mL SUSPENSIÓN,A,1981-11-20,12069,Sulfametoxazol 200 mg. + Trimetoprim 40 mg.,Sulfametoxazol + Trimetoprim,LABORATORIOS TERAMED,SUSPENSION,200 mg. + 40 mg.,,,,,2019-12-17 17:41:33,2019-12-17 17:41:33,5e6679db479fa4ae6d3a93a87f70f49c
2300,AJO Y PEREJIL NATURAL FORD 100 mg/100 mg CAPSULAS,A,1981-11-20,12083,ACEITE DE AJO 100 mg. + ACEITE DE PEREJIL 100 mg.,ACEITE DE AJO + ACEITE DE PEREJIL,PARETO D/B/A FORD LABORATORIES INC,CAPSULA,100 mg. + 100 mg.,0.17,$16.83 - $16.83,16.83,16.83,2019-12-17 17:41:33,2019-12-17 17:41:33,7bc447b37a4025412ea13dabce3081b2
2301,BIOGERIC S CAPSULAS,A,1981-11-20,12091,SULFATO DE MANGANESO 3 mg. + GINSENG 100 mg. + Pantotenato de calcio 20 mg. + HEMATOPORFIRINA 200 mcg. + RUTINA 10 mg. + Ergocalciferol 400 UI + Procaína clorhidrato 50 mg. + Piridoxina clorhidrato 5 mg. + D-Alfa tocoferol 15 UI + Ácido fólico 100 mcg. + Tiamina clorhidrato 10 mg. + Cianocobalamina 25 mcg. + RETINOL (VITAMINA A) 10000 UI + POTASIO 11 mg. + CALCIO 15 mg. + Sulfato ferroso 50 mg. + FOSFORO 11 mg. + Sulfato de zinc 4.12 mg. + Sulfato de cobre pentahidratado 2.5 mg. + Riboflavina 10 mg. + Nicotinamida 50 mg. + POTASIO MAGNESIO SULFATO 43 mg.,SULFATO DE MANGANESO + GINSENG + Pantotenato de calcio + HEMATOPORFIRINA + RUTINA + Ergocalciferol + Procaína clorhidrato + Piridoxina clorhidrato + D-Alfa tocoferol + Ácido fólico + Tiamina clorhidrato + Cianocobalamina + RETINOL (VITAMINA A) + POTASIO + CALCIO + Sulfato ferroso + FOSFORO + Sulfato de zinc + Sulfato de cobre pentahidratado + Riboflavina + Nicotinamida + POTASIO MAGNESIO SULFATO,LABORATORIOS MARCELI,CAPSULA,3 mg. + 100 mg. + 20 mg. + 200 mcg. + 10 mg. + 400 UI + 50 mg. + 5 mg. + 15 UI + 100 mcg. + 10 mg. + 25 mcg. + 10000 UI + 11 mg. + 15 mg. + 50 mg. + 11 mg. + 4.12 mg. + 2.5 mg. + 10 mg. + 50 mg. + 43 mg.,,,,,2019-12-17 17:41:33,2019-12-17 17:41:33,ae39a7fab8ae11b1b017424129e05137
2303,CLO PRIM 5 JARABE,A,1981-11-20,12112,METOCLOPRAMIDA 5 mg.,METOCLOPRAMIDA,"LABORATORIOS ARSAL, S.A. DE C.V.",JARABE,5 mg.,0.07,$5.77 - $5.95,5.77,5.95,2019-12-17 17:41:33,2019-12-17 17:41:33,41e12ba516bf27b9e3b7ea6fb3363728
2304,CORTISULFA 5mg/100mg/mL SOLUCION OFTALMICA,A,1962-02-07,1212,SULFACETAMIDA SÓDICA  100 mg. + Prednisolona acetato 5 mg.,SULFACETAMIDA SÓDICA  + Prednisolona acetato,LABORATORIOS LAFAR,SOLUCION OFTALMICA,100 mg. + 5 mg.,0.76,$7.55 - $7.55,7.55,7.55,2019-12-17 17:41:33,2019-12-17 17:41:33,1db6ed5fe6d45d7acc9fa2928b838fa9
2305,GLUTA-B12 JARABE,A,1981-11-20,12120,VITAMINA B6 (PIRIDOXINA CLORHIDRATO) 0.02 g. + RIBOFLAVINA 5 FOSFATO 0.05 g. + TIAMINA CLORHIDRATO 0.072 g. + VITAMINA E (D-L ALFA TOCOFEROL) 0.027 g. + VITAMINA A HIDROSOLUBLE 100000 UI + NICOTINAMIDA 0.15 g. + VITAMINA B12 (CIANOCOBALAMINA) 30 mcg. + VITAMINA C 0.95 g. + Colecalciferol 20000 UI + D-PANTHENOL 0.05 g.,VITAMINA B6 (PIRIDOXINA CLORHIDRATO) + RIBOFLAVINA 5 FOSFATO + TIAMINA CLORHIDRATO + VITAMINA E (D-L ALFA TOCOFEROL) + VITAMINA A HIDROSOLUBLE + NICOTINAMIDA + VITAMINA B12 (CIANOCOBALAMINA) + VITAMINA C + Colecalciferol + D-PANTHENOL,"LABORATORIOS CAROSA, S.A. DE C.V.",JARABE,0.02 g. + 0.05 g. + 0.072 g. + 0.027 g. + 100000 UI + 0.15 g. + 30 mcg. + 0.95 g. + 20000 UI + 0.05 g.,,,,,2019-12-17 17:41:33,2019-12-17 17:41:33,5fe6f6681b6f6e1974d055dc88ef91cf
2306,NOR - CETIN  120 mg/ 5 mL  JARABE,A,1981-12-18,12134,Acetaminofén 120 mg.,Acetaminofén,LABORATORIOS TERAMED,JARABE,120 mg.,,,,,2019-12-17 17:41:33,2019-12-17 17:41:33,762a1a9884e69f16a6d4b9e7e507fb1e
2307,MULTIVITAMINAS Y HIERRO SAIMED JARABE,A,1981-12-04,12135,TIAMINA CLORHIDRATO 5 mg. + RIBOFLAVINA 2 mg. + CIANOCOBALAMINA 10 mcg. + NICOTINAMIDA 10 mg. + Ácido fólico 0.3 mg. + PANTOTENATO DE CALCIO 1.5 mg. + PIRIDOXINA CLORHIDRATO 2 mg. + CITRATO FERRICO AMONIACAL 183.5 mg. + ACIDO ASCORBICO 37.5 mg.,TIAMINA CLORHIDRATO + RIBOFLAVINA + CIANOCOBALAMINA + NICOTINAMIDA + Ácido fólico + PANTOTENATO DE CALCIO + PIRIDOXINA CLORHIDRATO + CITRATO FERRICO AMONIACAL + ACIDO ASCORBICO,M/S CAPLIN POINT LABORATORIES LTD,JARABE,5 mg. + 2 mg. + 10 mcg. + 10 mg. + 0.3 mg. + 1.5 mg. + 2 mg. + 183.5 mg. + 37.5 mg.,0.11,$10.46 - $10.93,10.46,10.93,2019-12-17 17:41:33,2019-12-17 17:41:33,df8ae1bc37019d68f7c71d3724cf91a5
2308,SOLUCAPS CAPSULAS DE LIBERACION PROLONGADA 2 mg,A,1982-12-18,12156,MAZINDOL 2 mg.,MAZINDOL,"PRODUCTOS MEDIX, S.A. DE C.V.",CAPSULA DE LIBERACIÓN PROLONGADA,2 mg.,0.9,$27.03 - $27.03,27.03,27.03,2019-12-17 17:41:33,2019-12-17 17:41:33,104d2085a51c4e8d30afdbba0c745492
2309,FASTUM 25 mg/g GEL,A,1982-12-04,12158,KETOPROFENO 25 mg.,KETOPROFENO,"LABORATORIOS MENARINI, SA",GEL,25 mg.,0.3,$17.75 - $17.75,17.75,17.75,2019-12-17 17:41:33,2019-12-17 17:41:33,cd0760ef154a7228253999729e0c1e3f
2310,PROLOPA 250 mg COMPRIMIDOS,A,1982-01-15,12163,BENSERAZIDA 57 mg. + LEVODOPA 200 mg.,BENSERAZIDA + LEVODOPA,PRODUCTOS ROCHE QUIMICOS E FARMACEUTICOS S.A.,COMPRIMIDO,57 mg. + 200 mg.,1.1,$32.93 - $32.93,32.93,32.93,2019-12-17 17:41:33,2019-12-17 17:41:33,bad03b59aaddfcabf52d9b1d2ff177f0
2311,GAMMALER ANTIHISTAMINICO JARABE,A,1987-01-14,12167,BROMFENIRAMINA MALEATO 2 mg.,BROMFENIRAMINA MALEATO,GAMMA LABORATORIES ,JARABE,2 mg.,0.04,$4.60 - $4.60,4.6,4.6,2019-12-17 17:41:34,2019-12-17 17:41:34,5e452d615f145d1b2e2e1247efa6dac4
2312,BACTERFIN (200mg/40mg)/5mL SUSPENSION,A,1982-02-12,12173,Sulfametoxazol 200 mg. + Trimetoprim 40 mg.,Sulfametoxazol + Trimetoprim,LABORATORIO FARMACEUTICO FARDEL,SUSPENSION,200 mg. + 40 mg.,0.04,$4.98 - $4.98,4.98,4.98,2019-12-17 17:41:34,2019-12-17 17:41:34,691f4aa0269b349016f6c934312b547a
2313,BACTERFIN 80mg-400mg COMPRIMIDOS,A,1982-02-12,12174,Sulfametoxazol 400 mg. + Trimetoprim 80 mg.,Sulfametoxazol + Trimetoprim,LABORATORIO FARMACEUTICO FARDEL,COMPRIMIDO,400 mg. + 80 mg.,0.3,$5.96 - $5.96,5.96,5.96,2019-12-17 17:41:34,2019-12-17 17:41:34,46f3c1a0424f348089667ecf060b144d
2314,MEBEPARAX TABLETAS 100 mg,A,1982-03-26,12208,Mebendazol 100 mg.,Mebendazol,"LABORATORIOS CAROSA, S.A. DE C.V.",TABLETAS,100 mg.,0.28,$1.67 - $1.67,1.67,1.67,2019-12-17 17:41:34,2019-12-17 17:41:34,f8cc41a5d557a201b70fd053e3f35e24
2315,FOSFOTONIC CAPSULA,A,1982-03-26,12209,VITAMINA B12  25 mcg. + Ácido glutámico 200 mg. + Tiamina clorhidrato 100 mg. + VITAMINA B6 50 mg. + FOSFATO DE CALCIO 100 mg.,VITAMINA B12  + Ácido glutámico + Tiamina clorhidrato + VITAMINA B6 + FOSFATO DE CALCIO,"LABORATORIOS CAROSA, S.A. DE C.V.",CAPSULA,25 mcg. + 200 mg. + 100 mg. + 50 mg. + 100 mg.,0.3,$9.14 - $9.14,9.14,9.14,2019-12-17 17:41:34,2019-12-17 17:41:34,f130cd2e0c981d9e7f188a6c4164e497
2316,TRIMETOPRIMA SULFAMETOXAZOL MK FORTE 160 mg/ 800 mg TABLETA,A,1982-03-26,12210,Sulfametoxazol 800 mg. + Trimetoprim 160 mg.,Sulfametoxazol + Trimetoprim,"CORPORACION BONIMA, S.A. DE C.V.",TABLETAS,800 mg. + 160 mg.,0.35,$29.40 - $113.96,29.4,113.96,2019-12-17 17:41:34,2019-12-17 17:41:34,a358f6a7b0c05659123b590c5a7d754d
2317,APETIPLEX JARABE,A,1982-04-30,12258,RIBOFLAVINA 5 FOSFATO 1 mg. + Buclizina diclorhidrato 5 mg. + NICOTINAMIDA 5 mg. + VITAMINA B6 (PIRIDOXINA) 1 mg. + VITAMINA B1 (TIAMINA HCl) 2 mg.,RIBOFLAVINA 5 FOSFATO + Buclizina diclorhidrato + NICOTINAMIDA + VITAMINA B6 (PIRIDOXINA) + VITAMINA B1 (TIAMINA HCl),"LABORATORIOS CAROSA, S.A. DE C.V.",JARABE,1 mg. + 5 mg. + 5 mg. + 1 mg. + 2 mg.,0.06,$6.85 - $6.85,6.85,6.85,2019-12-17 17:41:34,2019-12-17 17:41:34,0aba6132e7b44d47dea7b9d3b9b9e48e
2318,TIBENZOL 125 mg/5 mL SUSPENSION ,A,1981-12-12,12268,METRONIDAZOLE  125 mg.,METRONIDAZOLE ,LABORATORIO COFASA,SUSPENSION,125 mg.,,,,,2019-12-17 17:41:34,2019-12-17 17:41:34,7794f60397f68c571aaa8b425fa5ecb8
2319,VINCISEPTIL OTICO SOLUCION TOPICA,A,1982-01-08,12279,NEOMICINA 5 mg. + Sulfato de polimixina B 10 UI + BENCIDAMINA 30 mg. + FLUOCINOLONA 0.3 mg. + TETRACAINA 1.33 mg.,NEOMICINA + Sulfato de polimixina B + BENCIDAMINA + FLUOCINOLONA + TETRACAINA,"LABORATORIOS SALVAT, S.A.",SOLUCION TOPICA,5 mg. + 10 UI + 30 mg. + 0.3 mg. + 1.33 mg.,1.09,$10.86 - $10.86,10.86,10.86,2019-12-17 17:41:34,2019-12-17 17:41:34,60f1fe1f5db9baffe5e0458a10c0bfa6
2320,ENTEROGAMMA SUSPENSION,A,1982-05-28,12298,KAOLIN 400 mg. + FURAZOLIDONA  16.5 mg. + DIYODOHIDROXIQUINOLINA 32.5 mg. + PECTINA CITRICA 50 mg.,KAOLIN + FURAZOLIDONA  + DIYODOHIDROXIQUINOLINA + PECTINA CITRICA,GAMMA LABORATORIES ,SUSPENSION,400 mg. + 16.5 mg. + 32.5 mg. + 50 mg.,0.08,$7.26 - $8.27,7.26,8.27,2019-12-17 17:41:34,2019-12-17 17:41:34,c17f9dad4d9ab5f04c5887c9c390ad25
2321,KAOPEXIN GAMMA SUSPENSION,A,1982-06-11,12299,KAOLIN 800 mg. + PECTINA CITRICA 62.5 mg.,KAOLIN + PECTINA CITRICA,GAMMA LABORATORIES ,SUSPENSION,800 mg. + 62.5 mg.,5.03,$7.76 - $9.99,7.76,9.99,2019-12-17 17:41:34,2019-12-17 17:41:34,fc10599638900021504ec79ac5a7ea07
2322,KAOPEXIN CON NEOMICINA SUSPENSION,A,1982-06-11,12300,KAOLIN 800 mg. + Neomicina 5 mg. + PECTINA CITRICA 50 mg.,KAOLIN + Neomicina + PECTINA CITRICA,GAMMA LABORATORIES ,SUSPENSION,800 mg. + 5 mg. + 50 mg.,3.42,$9.54 - $9.99,9.54,9.99,2019-12-17 17:41:34,2019-12-17 17:41:34,7a9a1a85df90874e648f959468432a8a
2323,APETIPLEX TABLETAS.,A,1982-06-25,12315,TIAMINA CLORHIDRATO 5 mg. + Buclizina diclorhidrato 25 mg. + RIBOFLAVINA 2 mg. + PIRIDOXINA CLORHIDRATO 2 mg. + NIACINAMIDA 50 mg.,TIAMINA CLORHIDRATO + Buclizina diclorhidrato + RIBOFLAVINA + PIRIDOXINA CLORHIDRATO + NIACINAMIDA,"LABORATORIOS CAROSA, S.A. DE C.V.",TABLETAS,5 mg. + 25 mg. + 2 mg. + 2 mg. + 50 mg.,0.23,$6.81 - $6.81,6.81,6.81,2019-12-17 17:41:34,2019-12-17 17:41:34,6a24ee8e5e694fe12bcec22aa67a191c
2324,MEBEPARAX SUSPENSION 100mg/5mL,A,1982-06-25,12316,Mebendazol 0.1 g.,Mebendazol,"LABORATORIOS CAROSA, S.A. DE C.V.",SUSPENSION,0.1 g.,0.06,$1.91 - $1.91,1.91,1.91,2019-12-17 17:41:34,2019-12-17 17:41:34,1e040541ea2e8f2eeaca8839271a6c03
2325,ZANTAC  INYECTABLE 50 mg/2mL,A,1982-06-25,12328,CLORHIDRATO DE RANITIDINA 50 mg.,CLORHIDRATO DE RANITIDINA,GLAXOSMITHKLINE MANUFACTURING SPA.,SOLUCION INYECTABLE,50 mg.,1.22,$12.19 - $12.19,12.19,12.19,2019-12-17 17:41:34,2019-12-17 17:41:34,9bc2302461c894bc79ea68c67a7f07b1
2326,ZANTAC 150 mg COMPRIMIDOS,A,1982-06-25,12329,Ranitidina 150 mg.,Ranitidina,"GLAXOSMITHKLINE MEXICO, S.A. DE C.V.",COMPRIMIDO,150 mg.,0.56,$11.26 - $11.26,11.26,11.26,2019-12-17 17:41:35,2019-12-17 17:41:35,4b151db67b5d50ed2561d1dcdb2b937e
2327,HIRUDOID FORTE GEL,A,1982-06-03,12414,ACIDO SULFURICO 0.445 g.,ACIDO SULFURICO,"LABORATORIOS CIFARMA, S.A.",GEL,0.445 g.,0.65,$12.72 - $21.84,12.72,21.84,2019-12-17 17:41:35,2019-12-17 17:41:35,ccd37646309477ac46ddbbf5f2004699
2328,HIRUDOID FORTE 445mg/100mg POMADA,A,1982-06-03,12415,ACIDO SULFURICO 0.445 g.,ACIDO SULFURICO,"LABORATORIOS CIFARMA, S.A.",POMADA,0.445 g.,0.73,$12.51 - $22.94,12.51,22.94,2019-12-17 17:41:35,2019-12-17 17:41:35,c1068c439365b39e7d051c2f9d2dce09
2329,PULMO GRIP NORDIC SOLUCION INYECTABLE,A,1982-09-28,12444,HIDROCLORURO DE MOROXIDINA (ABOB) 500 mg. + FENILEFRINA HCl 3 mg. + METAMIZOL SODICO 1000 mg. + CLORFENIRAMINA MALEATO 8 mg.,HIDROCLORURO DE MOROXIDINA (ABOB) + FENILEFRINA HCl + METAMIZOL SODICO + CLORFENIRAMINA MALEATO,LABORATORIOS VIJOSA,SOLUCION INYECTABLE,500 mg. + 3 mg. + 1000 mg. + 8 mg.,0.51,$2.56 - $2.56,2.56,2.56,2019-12-17 17:41:35,2019-12-17 17:41:35,36e095d7ae2c10cc28dc7c23de66005b
2330,DOCEPLEX 25000 SOLUCION INYECTABLE ,A,1982-08-25,12445,VITAMINA B12 (CIANOCOBALAMINA) 5000 mcg. + VITAMINA B12a (HIDROXICOBALAMINA) 20000 mcg. + VITAMINA B1(TIAMINA HCL) 150 mg. + VITAMINA B6 (PIRIDOXINA HCL) 100 mg.,VITAMINA B12 (CIANOCOBALAMINA) + VITAMINA B12a (HIDROXICOBALAMINA) + VITAMINA B1(TIAMINA HCL) + VITAMINA B6 (PIRIDOXINA HCL),LABORATORIOS VIJOSA,SOLUCION INYECTABLE,5000 mcg. + 20000 mcg. + 150 mg. + 100 mg.,3.66,$7.33 - $7.33,7.33,7.33,2019-12-17 17:41:35,2019-12-17 17:41:35,9b727f486fac0fb0efb3aaff2f9cb082
2331,DOLO DOCEPLEX SOLUCION INYECTABLE,A,1982-07-23,12446,VITAMINA B12 (CIANOCOBALAMINA) 5 mcg. + VITAMINA B1(TIAMINA HCL) 250 mg. + VITAMINA B6 (PIRIDOXINA HCL) 100 mg. + METAMIZOL SODICO 500 mg.,VITAMINA B12 (CIANOCOBALAMINA) + VITAMINA B1(TIAMINA HCL) + VITAMINA B6 (PIRIDOXINA HCL) + METAMIZOL SODICO,LABORATORIOS VIJOSA,SOLUCION INYECTABLE,5 mcg. + 250 mg. + 100 mg. + 500 mg.,6.34,$6.34 - $6.34,6.34,6.34,2019-12-17 17:41:35,2019-12-17 17:41:35,f4857499f2e557c8f4cd94134a74a32c
2332,TROSYD 1% CREMA DERMATOLOGICA,A,1983-12-08,12484,Tioconazol 10 mg/g,Tioconazol,LABORATORIOS PFIZER LTDA,CREMA,10 mg/g,0.43,$12.79 - $12.79,12.79,12.79,2019-12-17 17:41:35,2019-12-17 17:41:35,64a5a044e050b8f0dcd820e04008bbd0
2333,ZURIM 300 mg COMPRIMIDOS,A,1981-12-08,12506,Alopurinol 300 mg.,Alopurinol,"LABORATORIOS ATRAL, S.A.",COMPRIMIDOS,300 mg.,,,,,2019-12-17 17:41:35,2019-12-17 17:41:35,06dcdf7f8e48bb068234559d71e9ea37
2334,TAFIL 1 mg TABLETAS,A,1983-01-27,12536,Alprazolam 1 mg.,Alprazolam,SANICO N.V. ,TABLETA,1 mg.,,,,,2019-12-17 17:41:35,2019-12-17 17:41:35,4a9b07ffae8a454edf1f296c82b34881
2335,TAFIL 0.5 mg TABLETAS,A,1983-01-27,12537,Alprazolam 0.5 mg.,Alprazolam,SANICO N.V. ,TABLETA,0.5 mg.,0.21,$21.16 - $21.16,21.16,21.16,2019-12-17 17:41:35,2019-12-17 17:41:35,8a10e62c72ecf8b5eaaffb9272320032
2336,"NERVOFER 10,000 SOLUCION INYECTABLE",A,1983-01-28,12553,VITAMINA B12 (CIANOCOBALAMINA) 10000 mcg. + VITAMINA B1 200 mg. + VITAMINA B6 100 mg.,VITAMINA B12 (CIANOCOBALAMINA) + VITAMINA B1 + VITAMINA B6,LABORATORIO FERSON,SOLUCION INYECTABLE,10000 mcg. + 200 mg. + 100 mg.,1.68,$4.50 - $20.83,4.5,20.83,2019-12-17 17:41:35,2019-12-17 17:41:35,fabf4fe15c8518f00d8b0cefae08c5b3
2337,FUCICORT LEO 20 mg/ 1 mg CREMA,A,1983-02-10,12554,Betametasona valerato 1.2 mg. + Ácido fusídico 20 mg.,Betametasona valerato + Ácido fusídico,LEO LABORATORIES LTD.,CREMA,1.2 mg. + 20 mg.,0.47,$9.11 - $9.50,9.11,9.5,2019-12-17 17:41:35,2019-12-17 17:41:35,a576bbc14791568433c5d58d87709d15
2338,FERRO FORTE 300 mg GRAGEAS,A,1983-02-10,12556,SULFATO FERROSO DESECADO (EQUIVALENTE A 300 mg DE SULFATO FERROSO HEPTAHIDRATADO) 192 mg.,SULFATO FERROSO DESECADO (EQUIVALENTE A 300 mg DE SULFATO FERROSO HEPTAHIDRATADO),"LABORATORIOS CAROSA, S.A. DE C.V.",TABLETAS,192 mg.,0.25,$7.50 - $7.50,7.5,7.5,2019-12-17 17:41:35,2019-12-17 17:41:35,f1dacf6578e5c776c0fc3c8468ebe353
2339,FENIRAMINA 4mg/5mL JARABE ,A,1983-02-10,12557,Clorfeniramina Maleato 4 mg.,Clorfeniramina Maleato,"LABORATORIOS CAROSA, S.A. DE C.V.",JARABE,4 mg.,0.03,$3.89 - $3.89,3.89,3.89,2019-12-17 17:41:35,2019-12-17 17:41:35,1cc71280399d083ed14a3db3374aaa59
2340,FENIRAMINA 4 mg TABLETAS,A,1983-02-10,12558,Feniramina maleato 4 mg.,Feniramina maleato,"LABORATORIOS CAROSA, S.A. DE C.V.",TABLETAS,4 mg.,0.14,$3.45 - $3.45,3.45,3.45,2019-12-17 17:41:35,2019-12-17 17:41:35,c3cc007fbdaf1164277407030c8b52eb
2341,FENIRAMINA 8.0mg TABLETAS,A,1983-02-10,12559,Clorfeniramina Maleato 8 mg.,Clorfeniramina Maleato,"LABORATORIOS CAROSA, S.A. DE C.V.",TABLETAS,8 mg.,0.2,$3.96 - $3.96,3.96,3.96,2019-12-17 17:41:35,2019-12-17 17:41:35,d23421077b2d53ee28fe333438c3bbf6
2342,VALPAKINE 500 mg COMPRIMIDOS RECUBIERTOS GASTRORESISTENTES,A,1983-02-25,12561,Valproato de sodio 500 mg.,Valproato de sodio,SANOFI-AVENTIS S.A,COMPRIMIDOS RECUBIERTOS,500 mg.,0.43,$17.06 - $17.06,17.06,17.06,2019-12-17 17:41:35,2019-12-17 17:41:35,232a06dd5f454299a83040e7ee552ca8
2343,C-TAVIT 100mg/mL GOTAS ,A,1983-02-28,12570,Vitamina C 100 mg.,Vitamina C,"LABORATORIOS CAROSA, S.A. DE C.V.",SOLUCION,100 mg.,,,,,2019-12-17 17:41:35,2019-12-17 17:41:35,5e32d47fadd7d3980c8d1fa07d38e06e
2344,COMPLEJO B FUERTE CAROSA TABLETAS,A,1983-02-23,12572,TIAMINA CLORHIDRATO 10 mg. + RIBOFLAVINA 10 mg. + NICOTINAMIDA 45 mg. + VITAMINA B12 (CIANOCOBALAMINA) 1 mg. + PANTOTENATO DE CALCIO 20 mg. + PIRIDOXINA HCL 5 mg.,TIAMINA CLORHIDRATO + RIBOFLAVINA + NICOTINAMIDA + VITAMINA B12 (CIANOCOBALAMINA) + PANTOTENATO DE CALCIO + PIRIDOXINA HCL,"LABORATORIOS CAROSA, S.A. DE C.V.",TABLETAS,10 mg. + 10 mg. + 45 mg. + 1 mg. + 20 mg. + 5 mg.,0.1,$3.00 - $5.99,3,5.99,2019-12-17 17:41:35,2019-12-17 17:41:35,32383f42ae2e443b00f993809e251698
2345,DIPIRONA VITAMINADA VIJOSA SOLUCION INYECTABLE,A,1983-03-10,12610,VITAMINA B12  1000 mcg. + Metamizol sódico 1 g.,VITAMINA B12  + Metamizol sódico,LABORATORIOS VIJOSA,SOLUCION INYECTABLE,1000 mcg. + 1 g.,0.63,$2.19 - $32.60,2.19,32.6,2019-12-17 17:41:35,2019-12-17 17:41:35,e397715fc08b48a18e4f66db13a5c98b
2346,"ZOVIRAX I.V., INYECTABLE DE 250 mg.",A,1983-03-10,12612,Aciclovir 250 mg.,Aciclovir,GLAXOSMITHKLINE MANUFACTURING SPA.,SOLUCION INYECTABLE,250 mg.,,,,,2019-12-17 17:41:35,2019-12-17 17:41:35,e635a1a296ad8c2767291f2bf6c886ec
2347,BISMOPECTIL ANTIDIARREICO SUSPENSION ORAL,A,1983-03-25,12627,KAOLIN 200 mg. + PALMITATO DE CLORANFENICOL 125 mg. + Sulfaguanidina 500 mg.,KAOLIN + PALMITATO DE CLORANFENICOL + Sulfaguanidina,LABORATORIO FARMACEUTICO FARDEL,SUSPENSION ORAL,200 mg. + 125 mg. + 500 mg.,0.06,$7.71 - $7.71,7.71,7.71,2019-12-17 17:41:35,2019-12-17 17:41:35,4f711e71d57853d06be90835e837ee1c
2348,PRUDEX SOLUCION,A,1983-03-24,12640,DEXTROSA 100 g.,DEXTROSA,LABORATORIOS FALMAR,SOLUCION,100 g.,,,,,2019-12-17 17:41:35,2019-12-17 17:41:35,4eb4d76defb822910a82f3ea5e0acd5f
2349,ALUSOR  SUSPENSION,A,1983-03-24,12654,KAOLIN 1 g. + Hidróxido de Aluminio 0.1 g. + Dimeticona 25 mg.,KAOLIN + Hidróxido de Aluminio + Dimeticona,"LABORATORIOS ARSAL, S.A. DE C.V.",SUSPENSION,1 g. + 0.1 g. + 25 mg.,0.07,$8.61 - $8.61,8.61,8.61,2019-12-17 17:41:35,2019-12-17 17:41:35,e890f49e7b2e67f4f9b1e12a00ed297c
9596,VALPROSID 500 mg TABLETAS DE LIBERACIÓN RETARDADA,A,2019-07-18,,,,,,,,,,,2019-12-17 17:46:39,2019-12-17 17:46:39,e878dbb12252a19424ffd2a51bca2adf
2350,NITRODERM TTS 5 mg/24 h SISTEMA TERAPEUTICO TRANSDERMICO,A,1983-03-24,12655,NITROGLICERINA DILUIDA USP  250 mg.,NITROGLICERINA DILUIDA USP ,NOVARTIS PHARMA STEIN AG,SISTEMA TERAPEUTICO TRANSDERMICO,250 mg.,2.96,$29.60 - $29.60,29.6,29.6,2019-12-17 17:41:35,2019-12-17 17:41:35,36ad02792faa69899e9b82cec64b81c5
2351,CREMA ESCALSIN VITAMINADO,A,1982-04-13,12680,Óxido de zinc 15 g. + Colecalciferol 0.2 g. + VITAMINA A 0.1 g.,Óxido de zinc + Colecalciferol + VITAMINA A,LABORATORIO FERSON,CREMA,15 g. + 0.2 g. + 0.1 g.,0.18,$5.53 - $5.53,5.53,5.53,2019-12-17 17:41:35,2019-12-17 17:41:35,8f537ed8b5a36ea6b4045bf8f2d285ec
2352,IZALCO JABON MEDICADO CON AZUFRE,A,1983-03-24,12681,AZUFRE 5 g.,AZUFRE,LABORATORIOS PHARMATOR,JABON EN BARRA,5 g.,0.11,$3.39 - $3.39,3.39,3.39,2019-12-17 17:41:35,2019-12-17 17:41:35,3de9bbeaae194f7815e324e02f72768a
2353,ORALDEX SUERO ORAL SOLUCION,A,1983-04-13,12687,Cloruro de magnesio 41 mg. + LACTATO DE SODIO 314 mg. + CLORURO DE POTASIO 149 mg. + Cloruro de sodio 12 mg. + CLORURO DE CALCIO 29 mg. + DEXTROSA 5 g.,Cloruro de magnesio + LACTATO DE SODIO + CLORURO DE POTASIO + Cloruro de sodio + CLORURO DE CALCIO + DEXTROSA,"LABORATORIO FARMACEUTICO SOLARIS, S.A. DE C.V.",SOLUCION,41 mg. + 314 mg. + 149 mg. + 12 mg. + 29 mg. + 5 g.,0.01,$2.47 - $4.24,2.47,4.24,2019-12-17 17:41:35,2019-12-17 17:41:35,1bfa10d1e05c9e453a2b83d6f43c4546
2354,LOMOTIL 2mg TABLETAS,A,1962-03-22,1269,Loperamida clorhidrato 2 mg.,Loperamida clorhidrato,JANSSEN-CILAG S.A. DE C.V.,TABLETA,2 mg.,0.32,$0.38 - $10.56,0.38,10.56,2019-12-17 17:41:35,2019-12-17 17:41:35,1ab3c72affaf81173f33d96d4d8f880d
2355,NOOTROM 10.000 AMPOLLAS,A,1983-05-18,12701,Cianocobalamina 10 mcg.,Cianocobalamina,CIRON DRUGS AND PHARMACEUTICALS PVT. LTD.,AMPOLLA,10 mcg.,2.54,$5.08 - $5.08,5.08,5.08,2019-12-17 17:41:35,2019-12-17 17:41:35,40c5d702c8c005ce550db7d5377d885d
2356,VERMISILCO M JARABE FRASCO DE 30 mL (AL 2%),A,1983-03-10,12704,Mebendazol 100 mg.,Mebendazol,"LABORATORIOS SUIZOS, S.A. DE C.V.",JARABE,100 mg.,0.08,$2.28 - $2.28,2.28,2.28,2019-12-17 17:41:36,2019-12-17 17:41:36,24969a5db09f2d87c9abccc91dbe829d
2357,VALPAKINE 200 mg/mL SOLUCIÓN,A,1983-05-26,12724,Valproato de sodio 20 g. + Valproato de sodio 20 g.,Valproato de sodio + Valproato de sodio,UNITHER LIQUID MANUFACTURING,SOLUCION,20 g. + 20 g.,0.36,$14.57 - $14.57,14.57,14.57,2019-12-17 17:41:36,2019-12-17 17:41:36,487edfb7728e5a7971e885959abd7c14
2358,TOBREX  UNGÜENTO,A,1983-05-26,12728,Tobramicina 3 mg. + Tobramicina 3 mg.,Tobramicina + Tobramicina,SA ALCON-COUVREUR N.V. ,UNGUENTO OFTALMICO,3 mg. + 3 mg.,9.57,$28.72 - $28.72,28.72,28.72,2019-12-17 17:41:36,2019-12-17 17:41:36,0fe31347a3c0d77d62300ad5266218d7
2359,TOBREX 3mg/mL  SOLUCION OFTALMICA,A,1983-05-26,12729,Tobramicina 3 mg. + Tobramicina 3 mg.,Tobramicina + Tobramicina,SA ALCON-COUVREUR N.V. ,SOLUCION OFTALMICA,3 mg. + 3 mg.,3.15,$15.73 - $15.73,15.73,15.73,2019-12-17 17:41:36,2019-12-17 17:41:36,efdd3925b557fbc8292e1f0d1a643069
2360,UROLAN TABLETAS 500 mg,A,1983-05-26,12730,ACIDO NALIDIXICO  500 mg.,ACIDO NALIDIXICO ,"LABORATORIOS CAROSA, S.A. DE C.V.",TABLETAS,500 mg.,0.44,$8.90 - $8.90,8.9,8.9,2019-12-17 17:41:36,2019-12-17 17:41:36,0f075844b64f6fdf58130bd206096c25
2361,FINADOL 500 TABLETAS,A,1983-07-07,12801,Acetaminofén 500 mg.,Acetaminofén,LABORATORIOS PHARMEDIC,TABLETAS,500 mg.,0.07,$0.15 - $11.30,0.15,11.3,2019-12-17 17:41:36,2019-12-17 17:41:36,618743906dc7b715fc3c6a8f61942ba1
2362,VITREO OFTA 0.3/0.3% SOLUCION OFTALMICA,A,1983-08-11,12820,Yoduro de sodio 300 mg. + YODURO DE POTASIO 300 mg.,Yoduro de sodio + YODURO DE POTASIO,LABORATORIOS LAFAR,SOLUCION OFTALMICA,300 mg. + 300 mg.,1.11,$8.29 - $8.33,8.29,8.33,2019-12-17 17:41:36,2019-12-17 17:41:36,4302486bed14b2efb43d920fe9003727
2363,COMPLEDOCE TABLETAS,A,1983-07-21,12822,RIBOFLAVINA 10 mg. + CIANOCOBALAMINA 6 mg. + NICOTINAMIDA 20 mg. + MONONITRATO DE TIAMINA 18 mg. + PANTOTENATO DE CALCIO 50 mg. + PIRIDOXINA CLORHIDRATO 35 mg.,RIBOFLAVINA + CIANOCOBALAMINA + NICOTINAMIDA + MONONITRATO DE TIAMINA + PANTOTENATO DE CALCIO + PIRIDOXINA CLORHIDRATO,LABORATORIOS FALMAR,TABLETAS,10 mg. + 6 mg. + 20 mg. + 18 mg. + 50 mg. + 35 mg.,0.24,$9.73 - $9.73,9.73,9.73,2019-12-17 17:41:36,2019-12-17 17:41:36,05c48c71753406aa36019eb8a3b4776d
2364,GENTAMICINA MK 80mg / 2mL SOLUCION INYECTABLE,A,1983-09-08,12840,Gentamicina sulfato 149.144 mg.,Gentamicina sulfato,"CORPORACION BONIMA, S.A. DE C.V.",SOLUCION INYECTABLE,149.144 mg.,1.18,$2.35 - $2.35,2.35,2.35,2019-12-17 17:41:36,2019-12-17 17:41:36,1f935df7ced5f3c02464d861324a869d
2365,AMOXICILINA MARCELI 250 mg/5 mL POLVO PARA SUSPENSION,A,1983-06-09,12847,AMOXICILINA TRIHIDRATO 250 mg.,AMOXICILINA TRIHIDRATO,LABORATORIOS MARCELI,POLVO PARA SUSPENSIÓN,250 mg.,0.05,$5.32 - $5.32,5.32,5.32,2019-12-17 17:41:36,2019-12-17 17:41:36,d782ddc0189c38e4e33b806a7522f4a1
2366,OXICLIN 500 mg CAPSULAS,A,1983-06-09,12848,AMOXICILINA TRIHIDRATO 500 mg.,AMOXICILINA TRIHIDRATO,LABORATORIOS MARCELI,CAPSULAS,500 mg.,,,,,2019-12-17 17:41:36,2019-12-17 17:41:36,2261f335c804617f250e4737c9051ee2
2367,ZENTEL TABLETAS 200 mg,A,1983-11-03,12866,Albendazol 200 mg.,Albendazol,"GLAXOSMITHKLINE MEXICO, S.A. DE C.V.",TABLETAS,200 mg.,7.89,$29.50 - $51.97,29.5,51.97,2019-12-17 17:41:36,2019-12-17 17:41:36,271c9bc34650d5dd69b232fc4c7ad33a
2368,ZENTEL 4mg SUSPENSION ,A,1967-08-29,12867,Albendazol 4 g.,Albendazol,"GLAXOSMITHKLINE MEXICO, S.A. DE C.V.",SUSPENSION,4 g.,0.57,$7.60 - $23.29,7.6,23.29,2019-12-17 17:41:36,2019-12-17 17:41:36,17d3208fd5869182a482823428453c21
2369,FAKTU UNGUENTO,A,1983-09-08,12876,CINCOCAINA 1 g. + POLICRESULENO 5 g.,CINCOCAINA + POLICRESULENO,"TAKEDA MEXICO, S.A DE C.V",UNGUENTO,1 g. + 5 g.,0.97,$19.34 - $19.34,19.34,19.34,2019-12-17 17:41:36,2019-12-17 17:41:36,ea162de496abe41f2658d7d5589eb35f
2370,CANESPOR UÑA FASE 2 CREMA,A,1983-09-08,12888,BIFONAZOL 1 g.,BIFONAZOL,GP GRENZACH PRODUKTIONS GMBH.,CREMA,1 g.,0.53,$8.00 - $8.00,8,8,2019-12-17 17:41:36,2019-12-17 17:41:36,9a205fab57bf19fdb3322da81736c45f
2371,NEOBACINA POLVO,A,1983-09-08,12891,Óxido de zinc 250 mg. + Neomicina 5 mg. + BACITRACINA 250 UI,Óxido de zinc + Neomicina + BACITRACINA,"LABORATORIO FARMACEUTICO SOLARIS, S.A. DE C.V.",POLVO,250 mg. + 5 mg. + 250 UI,0.58,$5.38 - $5.64,5.38,5.64,2019-12-17 17:41:36,2019-12-17 17:41:36,b5e0738a0ee49c94db497635f2f03a2f
2372,ROJAMINA ELIXIR,A,1983-09-22,12892,Hierro amoniacal citrato 35 mg. + RIBOFLAVINA 0.75 mg. + CIANOCOBALAMINA 50 mcg. + NICOTINAMIDA 3.3 mg. + Tiamina clorhidrato 1.65 mg.,Hierro amoniacal citrato + RIBOFLAVINA + CIANOCOBALAMINA + NICOTINAMIDA + Tiamina clorhidrato,LABORATORIO FERSON,ELIXIR,35 mg. + 0.75 mg. + 50 mcg. + 3.3 mg. + 1.65 mg.,0.05,$12.45 - $12.45,12.45,12.45,2019-12-17 17:41:36,2019-12-17 17:41:36,398ff795afa0f7295c1306c05c7fb3e6
2373,BRONDEX 2 mg TABLETAS,A,1983-09-22,12916,Sulfato de salbutamol 2.44 mg.,Sulfato de salbutamol,LABORATORIO FARMACEUTICO FARDEL,TABLETA,2.44 mg.,0.18,$3.66 - $3.66,3.66,3.66,2019-12-17 17:41:36,2019-12-17 17:41:36,c69a9ac2ffafc28e75a7027d9e2ba787
2374,BRONDEX 4 mg TABLETAS,A,1983-09-22,12917,SALBUTAMOL 4 mg.,SALBUTAMOL,LABORATORIO FARMACEUTICO FARDEL,TABLETAS,4 mg.,0.21,$4.18 - $4.18,4.18,4.18,2019-12-17 17:41:36,2019-12-17 17:41:36,5449f0635d29a295aa6bf5543b7abf60
2375,VICTAN 2mg COMPRIMIDOS RECUBIERTOS,A,1983-10-06,12964,LOFLACEPATO DE ETILO 2 mg.,LOFLACEPATO DE ETILO,SANOFI WINTHROP INDUSTRIE,COMPRIMIDOS RECUBIERTOS,2 mg.,,,,,2019-12-17 17:41:36,2019-12-17 17:41:36,f6b009c86fb3370e3dfcc09218fee6c0
2448,SEDOBITAL 100 mg TABLETAS,A,1984-10-24,13527,FENOBARBITAL  100 mg.,FENOBARBITAL ,"LABORATORIOS CAROSA, S.A. DE C.V.",TABLETAS,100 mg.,,,,,2019-12-17 17:41:39,2019-12-17 17:41:39,b98279b292327ff4c3e602a0cc713f56
2376,GENAPRIM 80/400 mg COMPRIMIDOS,A,1983-10-20,12986,Sulfametoxazol 400 mg. + TRIMETROPRIM 80 mg.,Sulfametoxazol + TRIMETROPRIM,"LABORATORIOS GENERIX, S.A. DE C.V.",COMPRIMIDOS,400 mg. + 80 mg.,,,,,2019-12-17 17:41:36,2019-12-17 17:41:36,978951db621c0b7293905c25d9c1ef14
2377,GENAPRIM 40 mg/200 mg SUSPENSION,A,1983-10-20,12987,Sulfametoxazol 2200 mg. + Trimetoprim 40 mg.,Sulfametoxazol + Trimetoprim,"LABORATORIOS GENERIX, S.A. DE C.V.",SUSPENSION,2200 mg. + 40 mg.,0.06,$3.48 - $3.48,3.48,3.48,2019-12-17 17:41:36,2019-12-17 17:41:36,41b40b742a645613b3a1b5d3d14af22f
2378,GENAFEN 500 MG COMPRIMIDOS,A,1983-10-20,12992,Acetaminofén 500 mg.,Acetaminofén,"LABORATORIOS GENERIX, S.A. DE C.V.",COMPRIMIDOS,500 mg.,0.05,$0.50 - $0.50,0.5,0.5,2019-12-17 17:41:36,2019-12-17 17:41:36,91b8cb36e834c0fae776a958b8f7b3e0
2379,MEBAGEN 500 TABLETAS,A,1983-10-23,12994,Tinidazol 500 mg.,Tinidazol,"LABORATORIOS GENERIX, S.A. DE C.V.",TABLETAS,500 mg.,0.21,$1.30 - $6.39,1.3,6.39,2019-12-17 17:41:36,2019-12-17 17:41:36,d0d08310e96a2278406b34151ce9a145
2380,ANSIOGEN 3 mg TABLETAS,A,1983-10-20,12996,BROMAZEPAM 3 mg.,BROMAZEPAM,"LABORATORIOS GENERIX, S.A. DE C.V.",TABLETAS,3 mg.,0.26,$7.95 - $7.95,7.95,7.95,2019-12-17 17:41:36,2019-12-17 17:41:36,f3fe58709d8a0a80643120a3b4146d4a
2381,DOMEBORO POLVO ,A,1962-04-06,1300,SULFATO DE ALUMINIO 51.6 g. + ACETATO DE CALCIO ANHIDRO 36.4 g.,SULFATO DE ALUMINIO + ACETATO DE CALCIO ANHIDRO,LABORATORIO FARMACEUTICO BAYER ,POLVO,51.6 g. + 36.4 g.,0.37,$48.24 - $50.23,48.24,50.23,2019-12-17 17:41:36,2019-12-17 17:41:36,222c6c909a619b84d146b085632ddb05
2382,NAZARUB UNGÜENTO,A,1983-10-20,13005,Mentol 2.75 g. + Alcanfor 5 g. + EUCALIPTOL 1.5 g. + TREMENTINA (AGUARRAS) 1.5 g. + SALICILATO DE METILO 0.5 g.,Mentol + Alcanfor + EUCALIPTOL + TREMENTINA (AGUARRAS) + SALICILATO DE METILO,LABORATORIO FARMACEUTICO FARDEL,UNGUENTO,2.75 g. + 5 g. + 1.5 g. + 1.5 g. + 0.5 g.,,,,,2019-12-17 17:41:37,2019-12-17 17:41:37,1a6444ac968c9d71a185a31635901bdf
2383,CLORAMICOL P ,A,1983-07-07,13009,Prednisolona acetato 5 mg. + Cloramfenicol 2.5 mg.,Prednisolona acetato + Cloramfenicol,LABORATORIOS LAFAR,SUSPENSION OFTALMICA,5 mg. + 2.5 mg.,0.55,$8.22 - $8.22,8.22,8.22,2019-12-17 17:41:37,2019-12-17 17:41:37,7d951b14f1404504c721564db2eec2e5
2384,"ZOVIRAX, COMPRIMIDOS DE 200 mg.",A,1983-11-10,13023,Aciclovir 200 mg.,Aciclovir,"GLAXOSMITHKLINE MEXICO, S.A. DE C.V.",COMPRIMIDOS,200 mg.,0.67,$16.78 - $16.78,16.78,16.78,2019-12-17 17:41:37,2019-12-17 17:41:37,5efcd25b78f5ccacf22a37b4af575974
2385,FERRODINA B12 JARABE,A,1983-11-10,13032,RIBOFLAVINA 5 FOSFATO 1 mg. + TIAMINA HCL 6 mg. + NICOTINAMIDA 10 mg. + VITAMINA B12  15 mcg. + Sulfato ferroso heptahidrato 160 mg. + PIRIDOXINA HCL 3 mg. + Ciproheptadina clorhidrato 2 mg. + VITAMINA D 400 mg. + VITAMINA A PALMITATO 5000 UI + ACIDO ASCORBICO 40 mg.,RIBOFLAVINA 5 FOSFATO + TIAMINA HCL + NICOTINAMIDA + VITAMINA B12  + Sulfato ferroso heptahidrato + PIRIDOXINA HCL + Ciproheptadina clorhidrato + VITAMINA D + VITAMINA A PALMITATO + ACIDO ASCORBICO,"LABORATORIOS GENERIX, S.A. DE C.V.",JARABE,1 mg. + 6 mg. + 10 mg. + 15 mcg. + 160 mg. + 3 mg. + 2 mg. + 400 mg. + 5000 UI + 40 mg.,0.06,$13.94 - $13.94,13.94,13.94,2019-12-17 17:41:37,2019-12-17 17:41:37,8c8da116b44892d0681b2a4d52db3cce
2386,NEUROGLUTAN REFORZADO COMPRIMIDOS,A,1983-11-24,13033,TIAMINA CLORHIDRATO 200 mg. + ACIDO ADENOSINTRIFOSFORICO 10 mg. + ACIDO GLUTAMICO HCL 250 mg.,TIAMINA CLORHIDRATO + ACIDO ADENOSINTRIFOSFORICO + ACIDO GLUTAMICO HCL,"LABORATORIOS SUIZOS, S.A. DE C.V.",COMPRIMIDO,200 mg. + 10 mg. + 250 mg.,0.27,$8.58 - $9.19,8.58,9.19,2019-12-17 17:41:37,2019-12-17 17:41:37,eb8ff9f52bc549921a9732a0d31719fb
2387,MAALOX SUSPENSION,A,1983-11-10,13040,Hidróxido de Magnesio 4 g. + Hidróxido de Aluminio 3.7 g.,Hidróxido de Magnesio + Hidróxido de Aluminio,SANOFI-AVENTIS DE MEXICO S.A. DE C.V,SUSPENSION,4 g. + 3.7 g.,0.05,$9.28 - $15.72,9.28,15.72,2019-12-17 17:41:37,2019-12-17 17:41:37,06c1d2de113d016848dfbb17b3fd3d95
2388,"ESTABILEN 10mg/5mL JARABE
",A,1983-10-20,13080,HIDROXICINA HCL 10.3 mg.,HIDROXICINA HCL,LABORATORIOS LOPEZ,JARABE,10.3 mg.,0.12,$5.62 - $5.95,5.62,5.95,2019-12-17 17:41:37,2019-12-17 17:41:37,127797c8d65585d2432cd015f3802539
2389,DOLONERVOFER SOLUCION INYECTABLE,A,1983-12-06,13090,VITAMINA B6 (PIRIDOXINA CLORHIDRATO) 50 mg. + Hierro amoniacal citrato 0.01 mg. + VITAMINA B12 (CIANOCOBALAMINA) 5000 mcg. + VITAMINA B1 (TIAMINA CLORHIDRATO) 100 mg. + METAMIZOL 1000 mg.,VITAMINA B6 (PIRIDOXINA CLORHIDRATO) + Hierro amoniacal citrato + VITAMINA B12 (CIANOCOBALAMINA) + VITAMINA B1 (TIAMINA CLORHIDRATO) + METAMIZOL,LABORATORIO FERSON,SOLUCION INYECTABLE,50 mg. + 0.01 mg. + 5000 mcg. + 100 mg. + 1000 mg.,3.2,$6.39 - $6.39,6.39,6.39,2019-12-17 17:41:37,2019-12-17 17:41:37,691a91d6383be50266edbae63cc18b0b
2390,EPIVAL 500 mg TABLETAS ENTÉRICAS,A,1983-11-24,13094,ACIDO VALPROICO (VALPROATO SEMISODICO) 500 mg.,ACIDO VALPROICO (VALPROATO SEMISODICO),"ABBOTT LABORATORIES DE MEXICO, S.A. DE C.V.",TABLETAS CON CUBIERTA ENTERICA,500 mg.,2.68,$26.72 - $26.85,26.72,26.85,2019-12-17 17:41:37,2019-12-17 17:41:37,6d41602474c4fc41a0199bbcf97b54a6
2391,EPIVAL 250 mg TABLETAS ENTÉRICAS ,A,1983-12-14,13095,VALPROATO SEMISODICO (EQUIVALENTE A ACIDO VALPROICO) 250 mg.,VALPROATO SEMISODICO (EQUIVALENTE A ACIDO VALPROICO),"ABBOTT LABORATORIES DE MEXICO, S.A. DE C.V.",TABLETAS CON CUBIERTA ENTERICA,250 mg.,0.66,$20.03 - $39.72,20.03,39.72,2019-12-17 17:41:37,2019-12-17 17:41:37,52006bb060f2f7c115c966ac3b681d79
2392,PARTOTEN 5.0mg TABLETAS,A,1984-01-12,13117,BROMHIDRATO DE FENOTEROL 5 mg.,BROMHIDRATO DE FENOTEROL,LABORATORIO FERSON,TABLETAS,5 mg.,0.2,$6.17 - $8.54,6.17,8.54,2019-12-17 17:41:37,2019-12-17 17:41:37,0f57c3e08da7589f05cd6648bfbd5ff8
2393,S.S.N. GAMMA GOTAS 15 mL SOLUCION SALINA NORMAL,A,1984-01-12,13118,Cloruro de sodio 0.45 mg.,Cloruro de sodio,GAMMA LABORATORIES ,SOLUCION EN GOTAS,0.45 mg.,2.25,$3.83 - $13.07,3.83,13.07,2019-12-17 17:41:37,2019-12-17 17:41:37,53f87e4208fe13679fe0a9ab330875d1
2394,VAPO-FLU UNGÜENTO,A,1984-01-12,13154,Mentol 3 g. + Alcanfor 5.25 g.,Mentol + Alcanfor,LABORATORIOS WOHLER,UNGUENTO,3 g. + 5.25 g.,0.02,$2.48 - $2.48,2.48,2.48,2019-12-17 17:41:37,2019-12-17 17:41:37,936bc6f0af6732ae136207c4fc81b5af
2395,FORTACHON JARABE,A,1984-01-12,13165,Hierro amoniacal citrato 0.1 g. + Hierro amoniacal citrato 0.1 g. + RIBOFLAVINA 1 mg. + RIBOFLAVINA 1 mg. + CIANOCOBALAMINA 10 mcg. + CIANOCOBALAMINA 10 mcg. + Ácido fólico 1 mg. + Ácido fólico 1 mg. + Tiamina 1 mg. + Tiamina 1 mg. + PIRIDOXINA 0.5 mg. + PIRIDOXINA 0.5 mg. + NIACINAMIDA 5 mg. + NIACINAMIDA 5 mg.,Hierro amoniacal citrato + Hierro amoniacal citrato + RIBOFLAVINA + RIBOFLAVINA + CIANOCOBALAMINA + CIANOCOBALAMINA + Ácido fólico + Ácido fólico + Tiamina + Tiamina + PIRIDOXINA + PIRIDOXINA + NIACINAMIDA + NIACINAMIDA,LABORATORIO FARMACEUTICO ENMILEN,JARABE,0.1 g. + 0.1 g. + 1 mg. + 1 mg. + 10 mcg. + 10 mcg. + 1 mg. + 1 mg. + 1 mg. + 1 mg. + 0.5 mg. + 0.5 mg. + 5 mg. + 5 mg.,0.04,$13.59 - $17.19,13.59,17.19,2019-12-17 17:41:37,2019-12-17 17:41:37,b241f00804f4af32ca34b61adad4502f
2396,ROCEPHIN 500 mg I.M POLVO PARA SOLUCIÓN INYECTABLE,A,1984-01-12,13173,Ceftriaxona 500 mg.,Ceftriaxona,"F. HOFFMANN-LA ROCHE S.A, SUIZA, CENTRO DE PRODUCCION KAISERAUGST",POLVO PARA SOLUCION INYECTABLE,500 mg.,,,,,2019-12-17 17:41:37,2019-12-17 17:41:37,f95f5836abc3d13c33e083e60370fc91
2397,ROCEPHIN 1g I.M. POLVO PARA SOLUCION INYECTABLE ,A,1983-09-01,13174,CEFTRIAXONA  1 g.,CEFTRIAXONA ,"F. HOFFMANN-LA ROCHE S.A, SUIZA, CENTRO DE PRODUCCION KAISERAUGST",POLVO PARA SOLUCION INYECTABLE,1 g.,,,,,2019-12-17 17:41:37,2019-12-17 17:41:37,e60afde38f9c4b6d16306f4faffca794
2398,ROCEPHIN 250mg I.M. POLVO PARA SOLUCIÓN INYECTABLE,A,1984-01-12,13175,CEFTRIAXONA  250 mg.,CEFTRIAXONA ,"F. HOFFMANN-LA ROCHE S.A, SUIZA, CENTRO DE PRODUCCION KAISERAUGST",POLVO PARA SOLUCION INYECTABLE,250 mg.,,,,,2019-12-17 17:41:37,2019-12-17 17:41:37,4346b1f64e35f11268ca8233cac80464
2399,ROCEPHIN 1g IV POLVO PARA SOLUCION INYECTABLE,A,1984-01-12,13177,Ceftriaxona 1 g.,Ceftriaxona,"F. HOFFMANN-LA ROCHE S.A, SUIZA, CENTRO DE PRODUCCION KAISERAUGST",POLVO PARA SOLUCION INYECTABLE,1 g.,,,,,2019-12-17 17:41:37,2019-12-17 17:41:37,f6500df322ec489e60d32ba45c4c5aca
2400,HISTAVIRAL INYECTABLE,A,1983-05-26,13184,ABOB 500 mg. + Metamizol sódico 1000 mg. + CLORFENIRAMINA MALEATO 8 mg. + CLORHIDRATO DE FENILEFRINA 2 mg.,ABOB + Metamizol sódico + CLORFENIRAMINA MALEATO + CLORHIDRATO DE FENILEFRINA,LABORATORIOS VIJOSA,INYECTABLE,500 mg. + 1000 mg. + 8 mg. + 2 mg.,,,,,2019-12-17 17:41:37,2019-12-17 17:41:37,2882905a9cf304fd8013eb1cc4f9740c
2401,HELMICUR JARABE,A,1983-06-09,13186,CITRATO DE PIPERAZINA 11 g.,CITRATO DE PIPERAZINA,LABORATORIOS PHARMATOR,JARABE,11 g.,,,,,2019-12-17 17:41:38,2019-12-17 17:41:38,29f78fe5884076d389b3e14bf874c2a2
2402,VITABEDOCE 1000 mcg SOLUCIÓN INYECTABLE ,A,1983-05-26,13188,Cianocobalamina 1000 mcg.,Cianocobalamina,LABORATORIOS VIJOSA,SOLUCION INYECTABLE,1000 mcg.,,,,,2019-12-17 17:41:38,2019-12-17 17:41:38,fa37e677d240796d772067c85767f8b1
2403,"VITABEDOCE 10,000 mcg SOLUCIÓN INYECTABLE ",A,1983-05-26,13189,Cianocobalamina 10000 mcg.,Cianocobalamina,LABORATORIOS VIJOSA,SOLUCION INYECTABLE,10000 mcg.,1.52,$15.17 - $15.17,15.17,15.17,2019-12-17 17:41:38,2019-12-17 17:41:38,ad4c1b68cacddfa03c9e56af2408e7e0
2404,NEUROGLUTAN JARABE 180 mL.,A,1984-01-12,13221,Trifosfato de adenosina 40 mg. + Ácido glutámico 300 mg. + Tiamina clorhidrato 1000 mg.,Trifosfato de adenosina + Ácido glutámico + Tiamina clorhidrato,"LABORATORIOS SUIZOS, S.A. DE C.V.",JARABE,40 mg. + 300 mg. + 1000 mg.,0.04,$8.28 - $8.81,8.28,8.81,2019-12-17 17:41:38,2019-12-17 17:41:38,3ce3aef14540f86e78965dd549693557
2405,DORMICUM 5 mg/ml SOLUCIÓN INYECTABLE,A,1984-02-09,13248,Midazolam 5 mg.,Midazolam,CENEXI,SOLUCION INYECTABLE,5 mg.,2.44,$36.56 - $36.56,36.56,36.56,2019-12-17 17:41:38,2019-12-17 17:41:38,8c9fa48eaed175cca0247c21ca85ea60
2406,ACETAMINOFEN MK 100 mg/1mL SOLUCION GOTAS,A,1984-02-23,13273,Acetaminofén 100 mg.,Acetaminofén,"CORPORACION BONIMA, S.A. DE C.V.",SOLUCION EN GOTAS,100 mg.,0.22,$6.34 - $6.83,6.34,6.83,2019-12-17 17:41:38,2019-12-17 17:41:38,9cafd18a880697e2a8e3dc86c18be996
2407,ACETAMINOFEN MK 120 mg/ 5 mL JARABE,A,1984-02-23,13274,Acetaminofén 120.04 mg.,Acetaminofén,"CORPORACION BONIMA, S.A. DE C.V.",JARABE,120.04 mg.,0.06,$3.32 - $3.32,3.32,3.32,2019-12-17 17:41:38,2019-12-17 17:41:38,3307c37e33dd164e2f39822ab4db8c64
2408,ACETAMINOFEN MK 500 mg TABLETA,A,1984-02-23,13275,Acetaminofén 500 mg.,Acetaminofén,"CORPORACION BONIMA, S.A. DE C.V.",TABLETA,500 mg.,0.08,$2.23 - $6.46,2.23,6.46,2019-12-17 17:41:38,2019-12-17 17:41:38,6f38084c4c8f55faa7a74b1439d4848a
2409,NOVALGINA 300 mg SUPOSITORIOS PARA NIÑOS,A,1984-02-23,13276,METAMIZOL SODICO 300 mg.,METAMIZOL SODICO,SANOFI-AVENTIS DE MEXICO S.A. DE C.V,SUPOSITORIO,300 mg.,0.76,$3.78 - $3.78,3.78,3.78,2019-12-17 17:41:38,2019-12-17 17:41:38,60c2acf4a1412f2eed367cbfef40af24
2410,MAGNUGEL PLUS TABLETAS,A,1983-03-10,13285,CALCIO FOSFATO TRIBASICO 50 mg. + Hidróxido de Magnesio 200 mg. + Dimeticona 25 mg. + HIDROXIDO DE ALUMINIO  200 mg.,CALCIO FOSFATO TRIBASICO + Hidróxido de Magnesio + Dimeticona + HIDROXIDO DE ALUMINIO ,"LABORATORIOS CAROSA, S.A. DE C.V.",TABLETAS,50 mg. + 200 mg. + 25 mg. + 200 mg.,0.03,$5.94 - $5.94,5.94,5.94,2019-12-17 17:41:38,2019-12-17 17:41:38,96659e0da6a861ec6606fb5f9c3a0a7d
2411,MAGNUGEL PLUS SUSPENSION,A,1984-07-07,13286,CALCIO FOSFATO TRIBASICO 0.4 g. + Hidróxido de Magnesio 4 g. + Hidróxido de Aluminio 3.7 g. + Dimeticona 0.5 g.,CALCIO FOSFATO TRIBASICO + Hidróxido de Magnesio + Hidróxido de Aluminio + Dimeticona,"LABORATORIOS CAROSA, S.A. DE C.V.",SUSPENSION,0.4 g. + 4 g. + 3.7 g. + 0.5 g.,,,,,2019-12-17 17:41:38,2019-12-17 17:41:38,639a07c9aecdde3b314709e202881f52
2412,AVITAM  JARABE,A,1984-02-09,13288,PANTOTENOL 8 mg. + NICOTINAMIDA 25 mg. + VITAMINA B12  10 mcg. + VITAMINA C 100 mg. + Fitomenadiona 1 mg. + VITAMINA D 500 UI + VITAMINA B1 10 mg. + VITAMINA B6 3 mg. + VITAMINA B2 3 mg. + VITAMINA A 5000 UI,PANTOTENOL + NICOTINAMIDA + VITAMINA B12  + VITAMINA C + Fitomenadiona + VITAMINA D + VITAMINA B1 + VITAMINA B6 + VITAMINA B2 + VITAMINA A,LABORATORIO FARMACEUTICO VIDES,JARABE,8 mg. + 25 mg. + 10 mcg. + 100 mg. + 1 mg. + 500 UI + 10 mg. + 3 mg. + 3 mg. + 5000 UI,0.06,$6.78 - $6.78,6.78,6.78,2019-12-17 17:41:38,2019-12-17 17:41:38,fd7060cf41a063d58c2f70d845e6a24d
2413,AVITAM GOTAS SOLUCION ORAL ,A,1984-02-09,13289,PANTOTENOL 10 mg. + NICOTINAMIDA 10 mg. + VITAMINA B12  5 mcg. + VITAMINA C 50 mg. + FLUOR 0.5 mg. + VITAMINA D 1000 UI + VITAMINA B1 2 mg. + VITAMINA B6 1 mg. + VITAMINA B2 1 mg. + VITAMINA A 5000 UI + VITAMINA E 3 mg.,PANTOTENOL + NICOTINAMIDA + VITAMINA B12  + VITAMINA C + FLUOR + VITAMINA D + VITAMINA B1 + VITAMINA B6 + VITAMINA B2 + VITAMINA A + VITAMINA E,LABORATORIO FARMACEUTICO VIDES,SOLUCION EN GOTAS,10 mg. + 10 mg. + 5 mcg. + 50 mg. + 0.5 mg. + 1000 UI + 2 mg. + 1 mg. + 1 mg. + 5000 UI + 3 mg.,0.32,$6.31 - $6.31,6.31,6.31,2019-12-17 17:41:38,2019-12-17 17:41:38,9b056c3ad2df66919d7811ba0da4a10c
2414,FLOGOPROFEN 5% SOLUCIÓN TÓPICA,A,1984-04-05,13330,ETOFENAMATO 5000 mg.,ETOFENAMATO,ITALFARMACO S.A.,SOLUCION TOPICA,5000 mg.,0.25,$25.43 - $25.43,25.43,25.43,2019-12-17 17:41:38,2019-12-17 17:41:38,37a352b988a2b6347da832d08e377cad
2415,FLOGOPROFEN 5% GEL,A,1984-04-05,13331,ETOFENAMATO 5 g.,ETOFENAMATO,"ALCALA FARMA, S.L.",GEL,5 g.,0.38,$15.16 - $15.58,15.16,15.58,2019-12-17 17:41:38,2019-12-17 17:41:38,423c65ff60774972c6cd13706f76b2e7
2416,DORMICUM 15mg COMPRIMIDOS RECUBIERTOS,A,1984-04-05,13333,Midazolam 15 mg.,Midazolam,PRODUCTOS ROCHE QUIMICOS E FARMACEUTICOS S.A.,COMPRIMIDO RECUBIERTO,15 mg.,0.75,$22.41 - $22.41,22.41,22.41,2019-12-17 17:41:38,2019-12-17 17:41:38,446b925c14a25612355418a454ba4295
2417,JOCOFERRON B12 JARABE,A,1984-04-05,13334,Hierro amoniacal citrato 0.075 g. + VITAMINA B12 (CIANOCOBALAMINA) 7.5 mg. + Ácido fólico 0.5 mg. + VITAMINA C 5 mg. + SULFATO DE COBRE 0.25 mg. + VITAMINA B1 6.5 mg. + EXTRACTO DE  ALFALFA 0.25 mL,Hierro amoniacal citrato + VITAMINA B12 (CIANOCOBALAMINA) + Ácido fólico + VITAMINA C + SULFATO DE COBRE + VITAMINA B1 + EXTRACTO DE  ALFALFA,LABORATORIOS FALMAR,JARABE,0.075 g. + 7.5 mg. + 0.5 mg. + 5 mg. + 0.25 mg. + 6.5 mg. + 0.25 mL,0.06,$9.49 - $9.94,9.49,9.94,2019-12-17 17:41:38,2019-12-17 17:41:38,b6346f72834998eae7411877275df05b
2418,LOPERAMIN GOTAS 2 mg/mL SOLUCION ORAL,A,1984-04-05,13340,Loperamida clorhidrato 2 mg.,Loperamida clorhidrato,LABORATORIOS MEDIKEM,SOLUCION ORAL,2 mg.,0.26,$3.35 - $4.64,3.35,4.64,2019-12-17 17:41:38,2019-12-17 17:41:38,905f3a90ac764693ea4d1de84cb86f40
2419,HUMBRAL  100 mg TABLETAS,A,1984-04-05,13348,FENOBARBITAL  100 mg.,FENOBARBITAL ,"LABORATORIOS ARSAL, S.A. DE C.V.",TABLETAS,100 mg.,0.09,$2.67 - $2.67,2.67,2.67,2019-12-17 17:41:38,2019-12-17 17:41:38,0a4336fd67362b0ee28c50e566a54ff4
2420,LOPERAMIN CON NEOMICINA 2 mg/175 mg CAPSULAS,A,1984-05-31,13385,Neomicina 175 mg. + Loperamida clorhidrato 2 mg.,Neomicina + Loperamida clorhidrato,LABORATORIOS MEDIKEM,CAPSULA,175 mg. + 2 mg.,0.13,$0.33 - $13.88,0.33,13.88,2019-12-17 17:41:38,2019-12-17 17:41:38,720811afbc14757d2e4ae8854c87cc46
2421,TOTALVIT C 500 CAPSULAS,A,1984-05-31,13386,VITAMINA C (ACIDO ASCORBICO) 500 mg.,VITAMINA C (ACIDO ASCORBICO),LABORATORIOS MEDIKEM,CAPSULA,500 mg.,0.35,$10.58 - $10.58,10.58,10.58,2019-12-17 17:41:38,2019-12-17 17:41:38,b6cbccd38be4a3595875ccd8640f0396
2422,LIXIBON JABON MEDICADO,A,1984-06-14,13411,Ácido salicílico 2.25 g. + AZUFRE 3.75 g.,Ácido salicílico + AZUFRE,LABORATORIO FERSON,JABON EN BARRA,2.25 g. + 3.75 g.,3.16,$5.45 - $5.86,5.45,5.86,2019-12-17 17:41:38,2019-12-17 17:41:38,5887f9205db026c4cf3568886f8dd664
2423,ALBUGENOL 2 mg JARABE,A,1984-05-17,13412,SALBUTAMOL 2 mg.,SALBUTAMOL,"LABORATORIOS GENERIX, S.A. DE C.V.",JARABE,2 mg.,0.03,$4.07 - $4.07,4.07,4.07,2019-12-17 17:41:38,2019-12-17 17:41:38,f25de1b6f22d4a773c43404aa72f3c4b
2424,ALBUGENOL 4 mg TABLETAS,A,1984-05-17,13413,SALBUTAMOL 4 mg.,SALBUTAMOL,"LABORATORIOS GENERIX, S.A. DE C.V.",TABLETAS,4 mg.,0.28,$3.36 - $3.38,3.36,3.38,2019-12-17 17:41:38,2019-12-17 17:41:38,33bb343cec8b643b08abe1bbc3c890bc
2425,CLOBAM 10 mg TABLETAS,A,1984-05-17,13414,CLOBAZAM 10 mg.,CLOBAZAM,"LABORATORIOS GENERIX, S.A. DE C.V.",TABLETA,10 mg.,0.41,$8.22 - $8.22,8.22,8.22,2019-12-17 17:41:38,2019-12-17 17:41:38,2899074e9e013b913be34d5aac02d256
2426,DIREX TABLETAS,A,1984-05-17,13415,TRIAMTERENO 50 mg. + Hidroclorotiazida 25 mg.,TRIAMTERENO + Hidroclorotiazida,"LABORATORIOS GENERIX, S.A. DE C.V.",TABLETAS,50 mg. + 25 mg.,0.64,$9.53 - $9.67,9.53,9.67,2019-12-17 17:41:38,2019-12-17 17:41:38,e9bfa9d03eac434e9bb8a1c37386e9a8
2427,TRIZAM 0.5 TABLETAS,A,1984-05-17,13417,TRIAZOLAM  0.5 mg.,TRIAZOLAM ,"LABORATORIOS GENERIX, S.A. DE C.V.",TABLETA,0.5 mg.,1.68,$17.30 - $31.78,17.3,31.78,2019-12-17 17:41:38,2019-12-17 17:41:38,acdcb6f7b51e6af312050778a84d74f2
2428,GAMMA UNGUENTO DE METILO,A,1984-07-12,13448,SALICILATO DE METILO 5 g.,SALICILATO DE METILO,GAMMA LABORATORIES ,UNGUENTO,5 g.,0.57,$1.70 - $2.20,1.7,2.2,2019-12-17 17:41:38,2019-12-17 17:41:38,91d9bcc03a0cc7da6f8fda891708ca6d
2429,B12-GAMMA JARABE,A,1984-07-12,13449,VITAMINA B12  50 mcg.,VITAMINA B12 ,GAMMA LABORATORIES ,JARABE,50 mcg.,0.04,$4.99 - $4.99,4.99,4.99,2019-12-17 17:41:38,2019-12-17 17:41:38,c8ca48d10ffb5d1bc8db1decc05e7754
2430,NEOBACINA CREMA,A,1962-06-05,1345,Neomicina 5 mg. + BACITRACINA 250 UI + OXIDO DE ZINC 250 mg.,Neomicina + BACITRACINA + OXIDO DE ZINC,"LABORATORIO FARMACEUTICO SOLARIS, S.A. DE C.V.",CREMA,5 mg. + 250 UI + 250 mg.,0.38,$6.50 - $6.54,6.5,6.54,2019-12-17 17:41:38,2019-12-17 17:41:38,29fd8bb8bb9846e1f484d3c8f0cbf4ff
2431,FEBREX 500mg TABLETAS ,A,1984-07-28,13456,Acetaminofén 500 mg.,Acetaminofén,"LABORATORIOS CAROSA, S.A. DE C.V.",TABLETAS,500 mg.,0.07,$6.61 - $6.61,6.61,6.61,2019-12-17 17:41:39,2019-12-17 17:41:39,7dfbde7aa13247be09eef2202f778581
2432,FEBREX 120mg/5mL JARABE ,A,1984-07-28,13457,Acetaminofén 2.4 g.,Acetaminofén,"LABORATORIOS CAROSA, S.A. DE C.V.",JARABE,2.4 g.,0.09,$2.84 - $4.95,2.84,4.95,2019-12-17 17:41:39,2019-12-17 17:41:39,6f65a9353af5665adafd5685aec21ac8
2433,FERRIDOCE JARABE,A,1984-07-12,13458,Hierro amoniacal citrato 12.5 mg. + Riboflavina 5´-Fosfato de sodio 1.04 mg. + ACIDO PANGAMICO (VITAMINA B15) 0.42 mg. + PANTENOL (PROVITAMINA B5) 1.04 mg. + Piridoxina clorhidrato 6.25 mg. + Tiamina clorhidrato 12.5 mg. + Cianocobalamina 0.21 mg. + HIERRO  1.91 mg. + PANGAMATO DE SODIO 2.08 mg. + Nicotinamida 8.33 mg. + EXTRACTO DE HIGADO 39.58 mg.,Hierro amoniacal citrato + Riboflavina 5´-Fosfato de sodio + ACIDO PANGAMICO (VITAMINA B15) + PANTENOL (PROVITAMINA B5) + Piridoxina clorhidrato + Tiamina clorhidrato + Cianocobalamina + HIERRO  + PANGAMATO DE SODIO + Nicotinamida + EXTRACTO DE HIGADO,LABORATORIOS VIJOSA,JARABE,12.5 mg. + 1.04 mg. + 0.42 mg. + 1.04 mg. + 6.25 mg. + 12.5 mg. + 0.21 mg. + 1.91 mg. + 2.08 mg. + 8.33 mg. + 39.58 mg.,0.08,$4.76 - $8.17,4.76,8.17,2019-12-17 17:41:39,2019-12-17 17:41:39,958e02cec9363882a578c3388db3117c
2434,PASAVIT JARABE,A,1984-07-12,13461,Hierro amoniacal citrato 400 mg. + VITAMINA B12  100 mcg. + Ciproheptadina clorhidrato 40 mg. + VITAMINA B6 10 mg.,Hierro amoniacal citrato + VITAMINA B12  + Ciproheptadina clorhidrato + VITAMINA B6,LABORATORIOS WOHLER,JARABE,400 mg. + 100 mcg. + 40 mg. + 10 mg.,0.03,$6.67 - $6.67,6.67,6.67,2019-12-17 17:41:39,2019-12-17 17:41:39,b298bbe25199a07299555053c32fe0e1
2435,CLYSS-GO SOLUCION RECTAL,A,1984-07-12,13465,DIOCTILSULFOSUCCINATO SÓDICO (D.S.S.) 0.01 g.,DIOCTILSULFOSUCCINATO SÓDICO (D.S.S.),"LABORATORIOS ERN, SA",SOLUCION,0.01 g.,0.1,$6.93 - $6.93,6.93,6.93,2019-12-17 17:41:39,2019-12-17 17:41:39,15c52e2197fdd83ca28fb5808e0a541e
2436,ZORRITONE CARAMELOS,A,1984-07-12,13468,Mentol 0.24 % + GOMENOL 0.05 % + ESENCIA DE MENTA PIPERITA 0.004 % + BALSAMO DE EL SALVADOR 0.18 %,Mentol + GOMENOL + ESENCIA DE MENTA PIPERITA + BALSAMO DE EL SALVADOR,LABORATORIO ANCALMO,CARAMELOS,0.24 % + 0.05 % + 0.004 % + 0.18 %,0.11,$2.26 - $7.34,2.26,7.34,2019-12-17 17:41:39,2019-12-17 17:41:39,5f20d6537d8f16588239cd7977d438bf
2437,METICEL OFTENO AL 0.5% (f.f. SOLUCION),A,1984-07-12,13483,Hidroxipropilmetilcelulosa 5 mg.,Hidroxipropilmetilcelulosa,"LABORATORIOS SOPHIA, S.A. DE C.V.",SOLUCION,5 mg.,2.64,$11.78 - $11.91,11.78,11.91,2019-12-17 17:41:39,2019-12-17 17:41:39,958ea1915c23a27584ea37bcd9bbcb48
2438,HONGO-SIL POLVO,A,1984-07-12,13485,Ácido undecilénico 5 g. + Ácido undecilénico 5 g. + UNDECILINATO DE ZINC 20 g. + UNDECILINATO DE ZINC 20 g.,Ácido undecilénico + Ácido undecilénico + UNDECILINATO DE ZINC + UNDECILINATO DE ZINC,"LABORATORIOS SUIZOS, S.A. DE C.V.",POLVO,5 g. + 5 g. + 20 g. + 20 g.,0.11,$5.16 - $5.16,5.16,5.16,2019-12-17 17:41:39,2019-12-17 17:41:39,d6232bd4dfb54106d08aa105723dc5d8
2439,HONGO-SIL UNGUENTO,A,1984-07-12,13486,Ácido undecilénico 5 g. + UNDECILINATO DE ZINC 20 g.,Ácido undecilénico + UNDECILINATO DE ZINC,"LABORATORIOS SUIZOS, S.A. DE C.V.",UNGUENTO,5 g. + 20 g.,0.28,$4.26 - $4.26,4.26,4.26,2019-12-17 17:41:39,2019-12-17 17:41:39,66f1c03c06d375427e8603f9fc3a0bbc
2440,INDOCINA  25mg CÁPSULAS,A,1984-07-12,13488,Indometacina 25 mg.,Indometacina,"LABORATORIOS CAROSA, S.A. DE C.V.",CAPSULA,25 mg.,0.02,$19.10 - $19.10,19.1,19.1,2019-12-17 17:41:39,2019-12-17 17:41:39,40ddcf9f51d51d376cb1d33478030c3d
2441,SKIN-RUB CREMA,A,1984-07-12,13494,Mentol 0.57 g. + ALCANFOR 1.71 g.,Mentol + ALCANFOR,LABORATORIOS WOHLER,CREMA,0.57 g. + 1.71 g.,0.02,$1.73 - $3.30,1.73,3.3,2019-12-17 17:41:39,2019-12-17 17:41:39,e84e0b1657005d79e70f662594e1e0d9
2442,DERMICORT 1% CREMA,A,1984-07-12,13501,Hidrocortisona 1 g.,Hidrocortisona,LABORATORIOS PHARMEDIC,CREMA,1 g.,0.26,$3.83 - $3.83,3.83,3.83,2019-12-17 17:41:39,2019-12-17 17:41:39,c4e5152162153adf51bdb3d17a54f900
2443,NICLOSAN 500mg TABLETAS ,A,1984-09-19,13507,NICLOSAMIDA 500 mg.,NICLOSAMIDA,"LABORATORIOS CAROSA, S.A. DE C.V.",TABLETAS,500 mg.,0.72,$3.60 - $3.60,3.6,3.6,2019-12-17 17:41:39,2019-12-17 17:41:39,46ff1a8f7e5f96434243c7130fb0b428
2444,INDENOL 40mg TABLETAS,A,1984-09-19,13510,Clorhidrato de propranolol 40 mg.,Clorhidrato de propranolol,"LABORATORIOS CAROSA, S.A. DE C.V.",TABLETAS,40 mg.,0.2,$3.72 - $5.32,3.72,5.32,2019-12-17 17:41:39,2019-12-17 17:41:39,55d6727ffd667a345e10985a492ef7da
2445,TRIPTILAN 25mg TABLETAS,A,1984-09-19,13515,CLORHIDRATO DE AMITRIPTILINA 25 mg.,CLORHIDRATO DE AMITRIPTILINA,"LABORATORIOS CAROSA, S.A. DE C.V.",TABLETA RECUBIERTA,25 mg.,1.58,$7.88 - $7.88,7.88,7.88,2019-12-17 17:41:39,2019-12-17 17:41:39,918146ab16ac92a3cd39bd8f8561bf1f
2446,MECLOPRAN 10 mg TABLETAS ,A,1984-09-19,13516,"METOCLOPRAMIDA, CLORHIDRATO 10 mg.","METOCLOPRAMIDA, CLORHIDRATO","LABORATORIOS CAROSA, S.A. DE C.V.",TABLETAS,10 mg.,0.04,$0.19 - $0.19,0.19,0.19,2019-12-17 17:41:39,2019-12-17 17:41:39,532085e9f14e1bd801b56684debd109c
2447,DIMEDROL TABLETAS 50mg,A,1984-09-19,13522,Dimenhidrinato 50 mg.,Dimenhidrinato,"LABORATORIOS CAROSA, S.A. DE C.V.",TABLETA,50 mg.,0.17,$3.41 - $3.41,3.41,3.41,2019-12-17 17:41:39,2019-12-17 17:41:39,e323d09b29e05adc80505bd88562976a
2449,NORFEN TABLETAS,A,1984-12-19,13529,Orfenadrina citrato 100 mg.,Orfenadrina citrato,"LABORATORIOS CAROSA, S.A. DE C.V.",TABLETAS,100 mg.,0.26,$5.18 - $5.18,5.18,5.18,2019-12-17 17:41:39,2019-12-17 17:41:39,c41db2f4f2fa7baec5fe680842888ef4
2450,ETAMBUTOL 400 mg TABLETAS,A,1985-01-16,13531,CLORHIDRATO DE ETAMBUTOL 400 mg.,CLORHIDRATO DE ETAMBUTOL,"LABORATORIOS CAROSA, S.A. DE C.V.",TABLETAS RECUBIERTAS,400 mg.,,,,,2019-12-17 17:41:39,2019-12-17 17:41:39,53f1645255ddb284a9d1fd9aae048488
2451,CIPROP FORTE-GAMMA JARABE,A,1984-09-19,13537,TIAMINA CLORHIDRATO 30 mg. + VITAMINA B12  0.1 mg. + Ciproheptadina clorhidrato 4 mg. + PIRIDOXINA CLORHIDRATO 30 mg. + L-LISINA CLORHIDRATO 5 mg.,TIAMINA CLORHIDRATO + VITAMINA B12  + Ciproheptadina clorhidrato + PIRIDOXINA CLORHIDRATO + L-LISINA CLORHIDRATO,GAMMA LABORATORIES ,JARABE,30 mg. + 0.1 mg. + 4 mg. + 30 mg. + 5 mg.,0.1,$9.66 - $15.17,9.66,15.17,2019-12-17 17:41:39,2019-12-17 17:41:39,c4d3af341666e6cf48c55e756f1e1028
2452,ZOVIRAX CREMA,A,1984-09-19,13543,Aciclovir 5 g.,Aciclovir,"GLAXOSMITHKLINE BRASIL, LTDA.",CREMA TOPICA,5 g.,2.07,$4.93 - $20.88,4.93,20.88,2019-12-17 17:41:39,2019-12-17 17:41:39,4add3710836e36760ceadfcdaaa2b8cd
2453,TRACRIUM SOLUCION INYECTABLE DE 10 mg,A,1984-09-19,13544,BESILATO DE ATRACURIO 50 mg.,BESILATO DE ATRACURIO,GLAXOSMITHKLINE MANUFACTURING SPA.,SOLUCION INYECTABLE,50 mg.,,,,,2019-12-17 17:41:39,2019-12-17 17:41:39,2925a4f619375ea2dcba4235ba718978
2454,ROACCUTAN 10 mg CAPSULAS ,A,1984-09-19,13559,ISOTRETINOINA 10 mg.,ISOTRETINOINA,CATALENT GERMANY EBERBACH GMBH,CAPSULA,10 mg.,1.58,$47.33 - $47.33,47.33,47.33,2019-12-17 17:41:39,2019-12-17 17:41:39,dfb357bf81573d74e846be7e7c22ef67
2455,ROACCUTAN 20 mg CAPSULAS,A,1984-09-19,13561,ISOTRETINOINA 20 mg.,ISOTRETINOINA,CATALENT GERMANY EBERBACH GMBH,CAPSULA,20 mg.,2.21,$66.44 - $66.44,66.44,66.44,2019-12-17 17:41:39,2019-12-17 17:41:39,c5516f430b42cebde8cea64fcf52b20a
2456,GENTAMICINA MK 160 mg/2 mL SOLUCION INYECTABLE,A,1984-09-19,13568,Gentamicina sulfato 298.305 mg.,Gentamicina sulfato,"CORPORACION BONIMA, S.A. DE C.V.",SOLUCION INYECTABLE,298.305 mg.,2.18,$4.36 - $4.36,4.36,4.36,2019-12-17 17:41:39,2019-12-17 17:41:39,b24032cf060068e189340ce6562fee3c
2457,VERMISILCO M COMPRIMIDOS,A,1984-09-19,13577,Mebendazol 100 mg.,Mebendazol,"LABORATORIOS SUIZOS, S.A. DE C.V.",COMPRIMIDO,100 mg.,0.23,$1.40 - $1.40,1.4,1.4,2019-12-17 17:41:39,2019-12-17 17:41:39,dd4620fa07131eb112723926ff40576b
2458,TOXAZOL FORTE GAMMA TABLETAS 160mg/800mg,A,1984-10-24,13610,Sulfametoxazol 800 mg. + Trimetoprim 160 mg.,Sulfametoxazol + Trimetoprim,GAMMA LABORATORIES ,TABLETAS,800 mg. + 160 mg.,0.24,$0.50 - $276.29,0.5,276.29,2019-12-17 17:41:39,2019-12-17 17:41:39,e52bc00a2a401b9a60a80a87066fc1fb
2459,TOXAZOL - GAMMA SUSPENSIÓN ADULTO,A,1984-10-24,13615,Sulfametoxazol 200 mg. + Trimetoprim 40 mg.,Sulfametoxazol + Trimetoprim,GAMMA LABORATORIES ,SUSPENSION ORAL,200 mg. + 40 mg.,1.51,$5.68 - $6.18,5.68,6.18,2019-12-17 17:41:39,2019-12-17 17:41:39,c2250bb621e563af49860cf2828af4f3
2460,COMPLEJO B  MORAZAN TABLETAS,A,1984-10-24,13631,TIAMINA CLORHIDRATO 10 mg. + CIANOCOBALAMINA 1.25 mcg. + CLORHIDRATO DE PIRIDOXINA 1.25 mg.,TIAMINA CLORHIDRATO + CIANOCOBALAMINA + CLORHIDRATO DE PIRIDOXINA,LABORATORIO FARMACEUTICO VIDES,TABLETAS,10 mg. + 1.25 mcg. + 1.25 mg.,0.08,$2.98 - $5.62,2.98,5.62,2019-12-17 17:41:39,2019-12-17 17:41:39,880f84ccbcf134092179e7dc90a840f5
2461,CALADERMINA SUSPENSIÓN TOPICA,A,1984-09-19,13650,DIFENHIDRAMINA  1 g. + Alcanfor 0.1 g. + CALAMINA 8 g.,DIFENHIDRAMINA  + Alcanfor + CALAMINA,LABORATORIO ANCALMO,SUSPENSION TOPICA,1 g. + 0.1 g. + 8 g.,0.02,$2.75 - $2.75,2.75,2.75,2019-12-17 17:41:40,2019-12-17 17:41:40,69c3cb828b5b33dfba6aa48b7262be71
2462,MUCOSOLVAN SOLUCION,A,1984-12-19,13677,CLORHIDRATO DE AMBROXOL  15 mg.,CLORHIDRATO DE AMBROXOL ,"PHARMATIQUE, S.A.",SOLUCION,15 mg.,0.11,$12.78 - $12.78,12.78,12.78,2019-12-17 17:41:40,2019-12-17 17:41:40,2900a2ffc0458b27c1811eccf96f0ed9
2463,FUNGISIL POLVO,A,1984-12-19,13684,Clotrimazol 1 g.,Clotrimazol,"LABORATORIOS SUIZOS, S.A. DE C.V.",POLVO,1 g.,0.14,$4.16 - $4.16,4.16,4.16,2019-12-17 17:41:40,2019-12-17 17:41:40,7422a15f923d9a287eba9bdcb64f3859
2464,UROGESIC 500/50 mg TABLETAS,A,1984-12-19,13704,ACIDO NALIDIXICO  500 mg. + Fenazopiridina 50 mg.,ACIDO NALIDIXICO  + Fenazopiridina,LABORATORIOS LOPEZ,TABLETAS,500 mg. + 50 mg.,0.86,$12.00 - $37.34,12,37.34,2019-12-17 17:41:40,2019-12-17 17:41:40,d666958ef3e7dca640de46c8532892ca
2465,TRIMOXIN MUCOLITICO (250 mg/4 mg) 5 mL POLVO PARA RECONSTITUIR A SUSPENSIÓN,A,1985-12-19,13711,AMOXICILINA TRIHIDRATO 292.5 mg.,AMOXICILINA TRIHIDRATO,LABORATORIO COMBISA,POLVO PARA RECONSTITUIR A SUSPENSION,292.5 mg.,0.07,$6.79 - $6.79,6.79,6.79,2019-12-17 17:41:40,2019-12-17 17:41:40,188420c7ea522dde7e1e7cb532f602f8
2466,TRIMOXIN REAL 250 mg/5 mL POLVO PARA RECONSTITUIR A SUSPENSION,A,1985-12-19,13712,AMOXICILINA TRIHIDRATO 292.5 mg.,AMOXICILINA TRIHIDRATO,"WEXFORD LABORATORIES, PVT. LTD.",POLVO PARA RECONSTITUIR A SUSPENSION,292.5 mg.,,,,,2019-12-17 17:41:40,2019-12-17 17:41:40,70ab7d79386b74b8150d079182eeb669
2467,MEDAZOLE 500 mg TABLETAS ,A,1984-12-19,13717,METRONIDAZOLE  500 mg.,METRONIDAZOLE ,"LABORATORIOS CAROSA, S.A. DE C.V.",TABLETAS,500 mg.,,,,,2019-12-17 17:41:40,2019-12-17 17:41:40,7644af1eefd6f18f336c135d1f41258d
2468,DETORFAN 15 mg/5mL JARABE,A,1984-12-19,13723,Dextrometorfano Bromhidrato 15 mg.,Dextrometorfano Bromhidrato,"LABORATORIOS CAROSA, S.A. DE C.V.",JARABE,15 mg.,0.02,$2.39 - $2.39,2.39,2.39,2019-12-17 17:41:40,2019-12-17 17:41:40,504c175474b01d78306649fb4d2660b9
2469,METHYCOBAL 500 mcg TABLETAS,A,1984-12-19,13737,Metilcobalamina 0.5 mg.,Metilcobalamina,BORA PHARMACEUTICALS CO. LTD.,TABLETAS,0.5 mg.,0.45,$16.74 - $34.43,16.74,34.43,2019-12-17 17:41:40,2019-12-17 17:41:40,361a89359a6da7c5c2112f06cb359cc8
2470,HUMBRAL 20 mg/5mL ELIXIR,A,1985-12-19,13738,FENOBARBITAL  20 mg.,FENOBARBITAL ,"LABORATORIOS ARSAL, S.A. DE C.V.",ELIXIR,20 mg.,0.03,$3.61 - $3.61,3.61,3.61,2019-12-17 17:41:40,2019-12-17 17:41:40,3a2a6f41420ae3cbcb7fe99ad373ecaf
2471,DISALGIN SOLUCIÓN INYECTABLE,A,1984-12-19,13757,METAMIZOL MAGNESICO 0.4 g.,METAMIZOL MAGNESICO,LABORATORIOS VIJOSA,SOLUCION INYECTABLE,0.4 g.,0.28,$1.50 - $2.06,1.5,2.06,2019-12-17 17:41:40,2019-12-17 17:41:40,61b8d3ca56184fccf2cb179bc0e7347b
2472,LIXIDONAL ELIXIR,A,1984-12-19,13782,SULFATO DE ATROPINA 0.0194 mg. + FENOBARBITAL SODICO 16.2 mg. + SULFATO DE HIOSCIAMINA 0.10337 mg. + BROMHIDRATO DE HIOSCINA 0.0065 mg.,SULFATO DE ATROPINA + FENOBARBITAL SODICO + SULFATO DE HIOSCIAMINA + BROMHIDRATO DE HIOSCINA,LABORATORIO FARMACEUTICO FARDEL,ELIXIR,0.0194 mg. + 16.2 mg. + 0.10337 mg. + 0.0065 mg.,,,,,2019-12-17 17:41:40,2019-12-17 17:41:40,ecf94a359ac9b1dcfe6da4e2be5c08e1
2473,ENTEROVERMIN TABLETAS,A,1984-12-19,13784,Mebendazol 100 mg.,Mebendazol,LABORATORIO FARMACEUTICO FARDEL,TABLETAS,100 mg.,,,,,2019-12-17 17:41:40,2019-12-17 17:41:40,7b11854f6a4551c10e0f2fc071cd9688
2474,ENTEROVERMIN SUSPENSION ORAL,A,1984-12-19,13785,Mebendazol 100 mg.,Mebendazol,LABORATORIO FARMACEUTICO FARDEL,SUSPENSION ORAL,100 mg.,,,,,2019-12-17 17:41:40,2019-12-17 17:41:40,53340966d689a3bbd7270d96c226106a
2475,DIAZEPAM-10mg FARDEL TABLETA,A,1984-12-19,13803,DIAZEPAM  10 mg.,DIAZEPAM ,LABORATORIO FARMACEUTICO FARDEL,TABLETAS,10 mg.,,,,,2019-12-17 17:41:40,2019-12-17 17:41:40,47ecd2a53027afd69cb51863c98cac8c
2476,DIAZEPAM-5 mg FARDEL TABLETA,A,1984-12-19,13804,DIAZEPAM  5 mg.,DIAZEPAM ,LABORATORIO FARMACEUTICO FARDEL,TABLETA,5 mg.,,,,,2019-12-17 17:41:40,2019-12-17 17:41:40,7c15914857b31d229be0494945ffa246
